2592 3840
258 76 365 119 Nov.
395 75 516 118 XXV
544 90 606 131 pr.
642 80 658 117 1
1316 68 1395 116 196
2157 84 2216 116 nn
2244 83 2478 116 PnAnwonn

259 197 389 222 ποντες
423 187 471 221 εἰς
500 186 563 221 τὰς
597 183 745 230 πρώτας
773 182 795 218 ἆ
820 182 880 226 zac
914 178 1007 216 ὅθεν
1039 179 1129 217 αὐτὸ
1160 184 1334 226 συστῆναι
1403 183 1596 237 spicientes
1613 182 1659 218 ad
1674 182 1811 227 priores
1827 181 2163 226 administrationes,
2186 182 2282 218 unde
2297 191 2375 218 eam
2392 193 2477 219 con-

260 229 467 276 παρέδοσαν
497 227 581 277 ἡμῖν
612 231 647 265 οἱ
676 230 721 266 τὰ
750 242 802 265 πα
826 227 887 262 αιὰ
915 224 1179 275 συγγράφοντέε
1204 240 1244 261 τε
1272 230 1333 262 καὶ
1401 230 1528 264 sistere
1547 227 1771 264 tradiderunt
1791 226 1895 262 nobis
1917 227 1977 271 qui
1992 229 2114 263 vetera
2135 227 2424 272 conscripserunt
2441 230 2480 265 et

259 274 494 323 διηγούμενοι,
535 279 594 311 καὶ
629 272 687 310 ὅτι
721 271 1004 321 συγγενέστατόν
1037 274 1114 306 ἐστι
1149 269 1334 328 Ῥωμαίοις
1400 276 1655 316 narraverunt,
1687 272 1853 317 quoniam
1882 276 1938 308 est
1961 272 2213 317 cognatissima
2235 271 2479 309 Romanorum

259 325 319 356 καὶ
343 319 472 364 σχεδὸν
496 323 533 355 ἐκ
560 323 638 355 τῶν
662 317 785 354 αὐτῶν
809 319 1078 361 συνῳκισμένον
1101 330 1130 353 π
1152 330 1172 351 ο
1202 329 1331 353 ασεων.
1402 322 1438 354 et
1461 328 1576 364 paene
1605 328 1649 353 ex
1671 317 1760 362 ipsis
1790 317 1987 353 consistens
2011 317 2271 353 occasionibus.
2317 318 2480 363 Lycaoni

259 365 422 401 Λυκάονι
445 366 512 413 γὰρ
536 368 590 409 τῷ
615 364 742 410 πρώην
761 361 947 411 Ἀρκαδίας
969 365 1030 406 τῆς
1050 364 1090 397 ἐν
1109 360 1117 371 ‘
1148 361 1168 397 λ
1201 360 1250 397 ’δι
1273 366 1333 408 βε·
1369 367 1388 398 5
1402 373 1555 409 namque
1579 363 1663 398 olim
1685 363 1723 397 in
1746 361 1903 398 Arcadia
1915 362 2065 398 Hellade
2088 362 2252 407 regnanti
2275 362 2383 398 etiam
2405 361 2479 399 Ro-

259 410 487 456 βασιλευκὰτι
521 414 580 445 καὶ
611 411 678 453 τὴν
707 409 893 454 Ῥωμαίων
926 408 1067 450 οἰκῆσαι
1099 411 1226 455 γέγονε
1253 410 1334 454 γῆν,
1401 418 1588 444 manorum
1618 407 1780 443 habitare
1812 407 1959 452 contigit
1989 409 2122 444 terram
2157 411 2195 444 et
2230 418 2311 443 cum
2367 407 2480 444 fiscos

260 460 320 491 καὶ
341 456 422 491 τοὺς
446 455 575 502 πρώην
596 454 796 501 Οἰνώτρους
819 451 1061 499 προςλαβόντι
1082 454 1129 500 τῇ
1149 449 1335 498 Ῥωμαίων
1403 454 1589 489 Oenotrios
1609 453 1654 488 ad
1679 452 1833 495 uisisset‚
1854 452 2096 488 Romanorum
2110 452 2328 507 principatui
2365 452 2482 490 edisse

260 502 348 555 ἀρχῇ
382 499 507 535 δοῦναι
539 504 727 546 προοίμιον
757 500 890 544 (φαμὲν
922 495 962 531 δὲ
990 498 1107 532 ταῦτα
1130 496 1174 542 δὴ
1197 499 1244 533 τά
1266 511 1333 534 πα·
1402 498 1648 543 prooemium(
1676 497 1800 533 'cimus
1818 500 1939 533 autem
1958 498 2048 534 haec
2066 507 2198 543 quippe
2216 501 2348 542 vetera,
2367 497 2481 533 multo

260 546 343 580 λαια
366 546 410 580 τὰ
435 544 557 588 πολλῷ
581 547 658 579 τῶν
677 544 826 578 Αἰνείου
849 555 890 577 τε
912 545 972 576 καὶ
992 539 1168 587 Ῥωμύλου
1191 543 1335 590 χρόνων
1402 545 1548 579 Aeneae
1571 546 1608 578 et
1630 542 1775 578 Romuli
1797 543 2017 588 temporibus
2041 543 2267 588 antiquiora),
2298 541 2360 588 qui
2382 543 2493 579 colo-·

260 589 517 637 πρεσβύτερα),
554 593 614 624 καὶ
647 587 821 624 ἀποικίαν
856 589 917 622 ἐπὶ
951 588 997 622 τὰ
1031 586 1117 631 τῆδε
1152 587 1335 623 στείλαντι
1352 591 1390 624 ¹0
1404 589 1499 624 niam
1534 587 1582 623 ad
1616 587 1683 623 has
1719 587 1872 642 dirigens
1938 591 2034 624 artes
2069 589 2269 633 portionem
2327 588 2483 624 uandam

259 639 348 681 μέρη
372 632 500 680 μοῖράν
523 647 608 669 τινα
630 635 690 676 τῆς
714 631 882 667 Πισιδίαε
908 623 1128 679 ἀφελέσθαι,
1158 633 1272 682 ταύτῃ
1295 646 1336 668 τε
1405 633 1559 669 Pisidiae
1590 632 1740 668 abstulit
1769 642 1872 678 elque
1928 633 2002 669 edit
2033 643 2138 669 suum
2167 633 2308 670 vocabu
2322 643 2382 669 um
2409 633 2482 679 Ly-

261 679 386 715 δοῦναι
409 681 475 723 τὴν
499 678 610 714 αὐτοῦ
641 681 879 725 προςηγορίαν
901 680 1113 713 Λυκαονίαν
1142 691 1182 713 τε
1213 679 1251 719 ἐξ
1276 675 1334 712 αὖ·
1406 679 1637 723 caoniamque
1679 687 1703 713 a
1747 678 1938 724 semetipso
1986 679 2206 724 nuncupavit
2250 677 2481 724 provinciam.

260 727 323 760 τοῦ
348 724 493 758 καλέσαι
520 724 585 767 τὴν
607 723 741 768 χώραν.
788 726 939 757 Δίκαιον
967 726 1092 758 τοίνυν
1120 721 1166 758 ἂν
1194 724 1248 768 εἴη
1275 727 1335 758 καὶ
1403 724 1543 759 Iustum
1567 723 1575 731 ⁰
1603 723 1674 758 'tur
1697 723 1766 759 erit
1789 725 1825 758 et
1848 733 1927 759 eam
1947 723 2290 759 administrationem
2313 722 2484 759 decorare

261 770 371 812 αὐτὴν
396 768 484 816 ἀρχῇ
516 769 786 813 κατακοσμῆσαι
817 766 864 802 τὰ
893 766 1031 803 παλαιὰ
1061 770 1124 812 τῆς
1143 767 1336 813 Ῥωμαϊκῆς
1405 769 1551 813 antiqua
1565 733 1723 803 ¹filomeni
1746 767 1859 804 officii
1882 769 2167 804 conscribentem
2191 768 2302 812 signa,
2328 771 2366 804 et
2387 778 2483 804 nunc

260 814 393 855 τάξεως
423 816 690 861 ἐπιγραφομένῃ
715 810 897 858 σύμβολα,
928 816 988 847 καὶ
1018 812 1101 848 τοὺς
1131 815 1199 848 νῦν
1231 812 1337 855 αὐτῆς
1351 817 1389 849 15
1405 814 1481 849 eius
1513 813 1744 857 magistratus
1774 813 1942 856 (iudicem
1972 813 2120 849 dicimus
2149 813 2261 849 civilis
2284 813 2417 858 cinguli
2447 815 2485 849 et

260 857 478 905 ἡγουμένους,
502 858 567 893 τόν
587 871 627 893 τε
646 859 804 907 ἄρχοντα
828 860 948 904 φαμὲν
973 857 1041 902 τὴν
1064 857 1252 903 πολιτικὴν
1275 855 1335 905 ἀρ·
1404 858 1674 904 praesedentem
1697 858 1817 901 armis)
1849 858 1887 894 in
1915 869 2026 895 unum
2055 857 2220 904 colligere
2249 861 2286 893 et
2307 857 2484 903 praetoris

258 905 324 948 χὴν
347 901 413 938 τόν
436 916 475 938 τε
499 905 687 949 ἐφεστῶτα
710 906 784 938 τοῖς
807 899 946 945 ὅπλοις,
977 904 1025 938 εἰς
1055 905 1095 938 ἕν
1121 917 1158 939 τι
1182 916 1335 951 συναγα-
1405 903 1645 950 appellatione
1667 903 1848 939 decorare.
1890 902 2030 940 Nomen
2053 904 2146 939 enim
2165 903 2236 939 hoc
2253 902 2411 948 patrium
2427 906 2484 939 est

258 952 335 996 γεῖν
370 952 429 983 καὶ
469 949 513 996 τῇ
551 950 614 983 τοῦ
653 952 859 995 πραίτωρος
896 950 1074 993 κοσμῆσαι
1110 953 1335 996 προςηγορίᾳ.
1406 949 1537 994 cinguli
1560 948 1803 984 Romanorum
1834 951 1871 984 et
1893 951 1976 984 ante
2000 948 2099 994 ipsos
2128 948 2235 984 etiam
2260 948 2423 984 consules
2444 948 2484 984 in

259 994 374 1038 ὄνομα
395 993 463 1040 γὰρ
486 995 593 1028 τοῦτο
618 993 772 1039 πάτριον
794 995 840 1041 τῇ
863 990 1051 1037 Ῥωμαίων
1073 991 1163 1042 ἀρχῇ
1186 997 1246 1029 καὶ
1265 991 1335 1040 πρό
1404 1004 1534 1040 magna
1555 993 1800 1030 Romanorum
1823 994 1983 1030 habitum
2009 993 2162 1030 civitate.
2210 992 2363 1031 Romani
2382 1002 2485 1029 nam·

257 1053 298 1084 γε
326 1037 447 1073 αὐτῶν
476 1039 553 1072 τῶν
577 1036 728 1074 ὑπάτων
759 1038 852 1073 κατὰ
879 1038 948 1082 τὴν
970 1036 1128 1086 μεγάλην
1156 1041 1234 1074 τῶν
1256 1037 1335 1074 Ῥω·
1349 1042 1392 1075 20
1406 1050 1474 1085 que
1497 1039 1581 1075 olim
1604 1049 1689 1075 suos
1713 1039 1823 1075 duces
1846 1042 2031 1085 praetores
2060 1038 2295 1075 nominabant
2322 1041 2360 1074 et
2382 1047 2484 1074 exer-

258 1088 379 1129 μαίων
403 1082 706 1128 πολιτευσάμενον
730 1083 851 1120 πόλιν.
886 1081 1053 1129 Ῥωμαῖοι
1075 1083 1143 1132 γὰρ
1166 1084 1201 1119 οὶ
1223 1081 1336 1120 πάλαι
1406 1086 1536 1121 citibus
1559 1094 1726 1129 praeesse
1749 1084 2019 1129 praecipiebant
2049 1086 2086 1120 et
2115 1084 2162 1120 ab
2196 1083 2247 1120 eis
2271 1082 2484 1128 conscriptis

259 1128 339 1163 τοὺς
371 1130 475 1174 σφῶν
504 1126 627 1163 αὐτῶν
657 1127 876 1176 στρατηγοὺς
899 1132 1110 1176 πραίτιορας
1134 1127 1336 1175 ὠνόμαζον,
1405 1130 1543 1174 legibus
1567 1129 1820 1165 oboediebant:
1851 1132 2000 1175 eratque
2022 1129 2251 1174 magistratus
2275 1127 2419 1174 quidam
2441 1138 2486 1164 ex

258 1176 336 1209 τῶν
371 1172 653 1221 στρατευμάτων
687 1188 728 1209 τε
762 1172 935 1221 ἡγεῖσθαι
969 1176 1142 1222 παρεῖχον
1175 1178 1235 1209 καὶ
1264 1178 1338 1210 τοῖς
1407 1179 1558 1221 utroque
1581 1176 1800 1220 temperatus
1832 1176 1869 1211 et
1897 1174 1935 1210 in
1957 1174 2145 1219 semetipso
2171 1173 2424 1210 circumferens
2447 1176 2485 1209 et

257 1216 325 1253 ὑπ’
363 1217 486 1253 αὐτῶν
518 1222 756 1275 γραφομένοις
791 1219 988 1254 ἐπείθοντο
1021 1219 1158 1264 νόμοις·
1198 1222 1259 1254 καὶ
1293 1214 1338 1263 ἦν
1408 1221 1601 1256 ostendens
1633 1224 1670 1255 et
1699 1220 1738 1255 in
1769 1219 1914 1256 aciebus
1945 1219 2191 1256 fortitudinem
2217 1221 2256 1256 et
2285 1219 2326 1256 in
2347 1219 2485 1264 lembus

257 1262 347 1312 ἀρχή
378 1275 432 1299 τις
455 1264 494 1305 ἐξ
518 1279 565 1309 αμ
594 1269 651 1299 οἷν
674 1267 871 1311 κεκραμένη
902 1267 963 1299 καὶ
992 1266 1032 1299 ἐν
1061 1265 1170 1313 ἑαυτῇ
1195 1278 1242 1300 πε
1266 1268 1338 1311 ιφέ·
1352 1268 1394 1302 25
1409 1265 1642 1311 disciplinam.

259 1308 369 1366 ρουσά
398 1322 438 1344 τε
467 1313 528 1344 καὶ
580 1311 726 1345 εικνῦσα
754 1309 824 1353 τήν
853 1323 894 1344 τε
923 1311 963 1344 ἐν
985 1313 1064 1345 ’ταῖς
1092 1278 1340 1357 παρατάξεσιν

260 1354 361 1398 ισχύν
385 1353 452 1398 τήν
475 1368 515 1390 τε
540 1356 579 1390 ἐν
602 1359 675 1390 τοῖς
697 1353 819 1400 νόμοις
843 1352 1046 1399 εὐκοσμίαν.

1271 1469 1428 1506 CAPUT
1447 1470 1476 1506 1.

315 1534 458 1579 Ἐπειδὴ
489 1539 612 1570 τοίνυν
645 1532 841 1570 κάνταῦθα
872 1534 1006 1571 σκοπὸς
1039 1532 1124 1590 ἡμῖν
1155 1537 1203 1571 εἰς
1231 1539 1273 1571 έν
1303 1551 1339 1572 τι
1454 1537 1546 1581 Quia
1568 1536 1676 1582 igitur
1699 1535 1806 1572 etiam
1828 1535 1889 1572 hic
1917 1534 2070 1572 intentio
2099 1533 2204 1571 nobis
2227 1535 2285 1571 est
2306 1533 2354 1571 ad
2375 1544 2488 1570 unum

260 1582 478 1628 συναγαγεῖν·
504 1578 722 1628 ἀμφοτέρας,
754 1579 816 1614 διὰ
845 1582 953 1615 τοῦτο
983 1581 1130 1616 εἰκοταιε
1153 1579 1253 1626 αὐτῷ
1278 1585 1339 1616 καὶ
1408 1582 1543 1627 aliquid
1565 1586 1718 1626 utraque
1742 1581 1928 1626 colligere,
1959 1581 2300 1626 proptereamerito
2325 1580 2358 1615 ei
2381 1579 2487 1615 etiam

260 1626 327 1669 τὴν
357 1627 421 1660 τοῦ
453 1630 657 1672 πραίτωρος
693 1623 839 1670 δίδομεν
875 1630 1124 1684 προςηγορίαν,
1159 1623 1260 1662 ὅπως
1292 1625 1339 1662 ἂν
1352 1630 1394 1663 30
1407 1627 1584 1672 praetoris
1617 1627 1741 1662 damus
1773 1627 2005 1670 vocabulum,
2039 1627 2214 1670 quatenus
2243 1625 2350 1662 simul
2371 1624 2488 1669 ingre-

261 1674 511 1716 συνειςέρχοιτο
547 1674 623 1705 ταῖς
658 1674 786 1716 ψυχαῖς
823 1672 902 1705 τῶν
934 1671 1146 1706 ἂκουονταιν
1181 1669 1258 1716 ἅμα
1291 1674 1337 1719 τῇ
1407 1673 1527 1708 diatur
1551 1672 1677 1708 animis
1701 1672 1923 1708 audientium
1947 1681 2029 1707 cum
2049 1670 2292 1716 appellatione
2309 1668 2487 1715 praetoris

261 1721 475 1763 προςηγορίᾳ
497 1717 561 1751 τοῦ
586 1720 790 1763 πραίτῳροε
818 1719 878 1750 καὶ
903 1714 924 1760 ἡ
946 1717 1007 1759 τῆς
1030 1714 1136 1763 ἀρχῆς
1158 1716 1338 1752 κατάστα-
1407 1717 1728 1753 administrationis
1754 1717 1945 1762 disciplina
1967 1720 2077 1761 atque
2100 1717 2241 1759 natura,
2266 1718 2304 1751 et
2323 1714 2490 1761 quoniam

261 1765 314 1795 σίς
345 1775 385 1795 τε
417 1764 477 1795 καὶ
514 1760 635 1806 φύσις,
672 1763 732 1795 καὶ
764 1758 891 1807 ὅτιπερ
925 1758 990 1804 οὐχ
1022 1759 1120 1804 ἁπλῆ
1154 1765 1208 1797 τίς
1239 1764 1339 1797 ἐστιν
1407 1773 1479 1798 non
1504 1763 1653 1808 simplex
1676 1762 1850 1808 quaedam
1875 1764 1930 1798 est
1952 1771 2067 1806 neque
2090 1761 2136 1796 ad
2158 1770 2270 1796 unum
2291 1759 2488 1805 respiciens

261 1803 344 1840 οὐδὲ
366 1806 454 1863 πρὸς
477 1809 516 1841 ἓν
540 1805 715 1854 ἀφορῶσα
737 1803 853 1850 μόνον
883 1804 905 1850 ἢ
929 1805 971 1841 τὸ
995 1807 1074 1841 τῶν
1097 1803 1225 1842 ὅπλων
1254 1804 1276 1850 ἢ
1297 1807 1340 1842 τὸ
1408 1811 1548 1843 tantum
1567 1812 1631 1843 aut
1673 1807 1745 1843 uod
1763 1817 1943 1849 armorum
1963 1809 2028 1842 aut
2043 1806 2163 1851 legum
2177 1808 2243 1850 est,
2267 1805 2332 1842 sed
2349 1806 2489 1841 utrum-

262 1853 338 1885 τῶν
367 1853 505 1896 νομων,
544 1849 621 1887 ἀλλ’
659 1853 833 1895 ἑκατέραν
865 1852 1120 1897 συνεφέλκεται
1148 1851 1252 1893 τάξιν
1281 1856 1341 1887 καὶ
1354 1856 1395 1889 35
1410 1862 1479 1899 que
1509 1853 1690 1890 subtralnt
1721 1852 1892 1896 officium,
1923 1851 1994 1897 (et)
2024 1861 2067 1887 ex
2098 1850 2311 1886 militaribus
2347 1849 2490 1895 quidem

261 1899 363 1931 ἔστιν
386 1900 423 1931 ἐκ
446 1899 513 1941 μὲν
535 1898 598 1931 τοῦ
624 1898 884 1942 στρατιωτικοῦ
907 1895 1048 1944 σφοδρά
1070 1910 1110 1932 τε
1125 1901 1184 1931 καὶ
1204 1897 1339 1946 ἰσχυρά,
1408 1899 1597 1934 vehemens
1627 1902 1735 1944 atque
1763 1897 1868 1934 fortis
1892 1900 1956 1940 est,
1988 1906 2055 1942 per
2077 1897 2191 1941 legem
2218 1905 2303 1932 vero
2333 1893 2430 1931 mitis
2453 1896 2490 1930 et

261 1940 321 1976 διὰ
344 1940 384 1975 δὲ
405 1944 470 1977 τοῦ
493 1941 604 1986 νόμου
628 1941 800 1988 προςηνὴς
830 1955 871 1976 τε
894 1945 954 1976 καὶ
984 1939 1128 1989 ἥμερος,
1158 1946 1218 1977 καὶ
1249 1943 1340 1978 κατὰ
1408 1947 1607 1986 mansueta,
1644 1945 1681 1979 et
1715 1943 1911 1979 secundum
1946 1943 2015 1978 hoc
2051 1941 2154 1977 illata
2186 1940 2295 1976 facile
2325 1938 2489 1977 violentis

261 1988 368 2021 τοῦτο
388 1989 652 2033 προςφερομένη
672 1985 806 2032 ῥᾳδίως
826 1990 899 2022 τοῖς
917 1989 985 2031 μὲν
1005 1985 1167 2022 ἀδικοῦσι
1188 1985 1339 2035 σφοδρά·
1409 1989 1552 2034 quidem
1582 1987 1837 2032 vehementius,
1872 1987 2018 2023 mitibus
2050 1990 2170 2022 autem
2200 1985 2350 2031 legalius
2381 1987 2490 2038 atque

261 2045 376 2078 τερον,
401 2036 473 2067 τοῖς
497 2031 536 2066 δὲ
558 2035 829 2079 ἐπιεικεστέροις
852 2031 1102 2079 νομιμώτερόν
1125 2045 1166 2067 τε
1189 2036 1249 2067 καὶ
1269 2045 1340 2068 σω·
1410 2034 1557 2070 castius.
1605 2034 1656 2069 Et
1679 2043 1746 2070 nec
1769 2033 1834 2069 sim
1860 2033 1975 2069 liciter
1999 2032 2068 2068 hoc
2093 2032 2229 2077 agimus
2256 2041 2324 2066 nec
2345 2039 2490 2067 nomina

263 2080 513 2134 φρονέστερον.
557 2081 630 2111 Καὶ
652 2075 734 2111 οὐδὲ
757 2075 881 2112 ἁπλῶς
903 2079 1011 2112 τοῦτο
1030 2076 1239 2124 πράττομεν
1257 2076 1340 2112 οὐδὲ
1352 2081 1395 2114 40
1408 2079 1620 2124 respicimus
1639 2079 1766 2122 solum,
1786 2088 1826 2114 se
1867 2080 1908 2114 ut
1924 2080 2068 2124 oportet
2086 2076 2229 2122 cingula
2248 2074 2488 2111 moderamur.

262 2126 440 2166 ονομασία
463 2126 677 2170 προςέχομεν
698 2121 828 2168 μόνον,
861 2121 950 2158 ἀλλὰ
977 2124 1022 2170 τῇ
1052 2126 1155 2171 χρείᾳ
1183 2127 1244 2158 καὶ
1275 2122 1338 2158 τὰς
1406 2124 1575 2161 Virorum
1597 2123 1691 2160 enim
1715 2125 1771 2160 est
1791 2122 1938 2159 fortium
1967 2121 2064 2167 regio
2088 2124 2126 2157 et
2152 2121 2200 2157 ab
2223 2120 2366 2156 Isauria
2388 2119 2489 2156 1111110

251 2165 370 2214 -ἀρχὰς
401 2169 681 2214 συμμετροῦμεν.
730 2166 878 2216 ἀνδρῶν
904 2166 973 2215 γάρ
1003 2170 1105 2203 ἐστιν
1136 2169 1293 2215 ἰσχυρῶν
1322 2167 1344 2212 ἡ

263 2281 386 2323 vimus,
417 2281 650 2327 respicientes
680 2279 728 2316 ad
756 2281 961 2326 primordia
993 2281 1077 2323 illa,
1110 2280 1206 2316 unde
1229 2291 1308 2316 eam
1333 2281 1563 2316 constitutam
1594 2291 1672 2315 esse
1694 2280 1941 2325 antiquarum*
1957 2290 2080 2315 rerum
2101 2278 2302 2325 scriptores
2321 2281 2360 2314 et
2380 2277 2491 2314 inter-

258 2330 383 2371 pretes
416 2325 661 2367 tradiderunt,
695 2336 775 2360 cum
804 2327 978 2372 proxima
1009 2327 1058 2362 sit
1087 2325 1265 2362 Romanis
1295 2326 1517 2372 coqnatione
1547 2329 1585 2360 et
1611 2327 1696 2371 fere
1726 2335 1777 2360 σω
1807 2323 1932 2360 iisdem
1964 2324 2085 2360 causis
2109 2323 2269 2360 condita.
2326 2321 2492 2370 Lycaoni

264 2371 368 2413 enim,
393 2371 456 2416 qui
480 2370 564 2405 olim
588 2370 767 2405 Arcadiae
790 2371 828 2406 in
853 2370 1008 2406 Graecia
1029 2382 1101 2407 rea:
1146 2371 1215 2413 uit,
1240 2371 1393 2417 contiqit
1419 2374 1462 2406 ut
1482 2370 1589 2406 etiam
1613 2369 1862 2405 Romanorum
1886 2373 2019 2405 terram
2041 2368 2226 2412 incoleret,
2249 2371 2287 2404 et
2310 2366 2493 2405 Oenotn‘is

265 2416 330 2460 qui
344 2415 428 2450 olim
451 2419 557 2450 erant
575 2415 699 2450 ascitis
747 2416 960 2451 rimordium
980 2415 1087 2452 daret
1133 2427 1343 2451 omanorum
1362 2416 1516 2463 imperio
1536 2414 1699 2459 (dicimus
1715 2418 1835 2450 autem
1853 2413 1918 2450 illa
1937 2425 2027 2450 sane
2047 2417 2187 2450 vetusta
2206 2424 2251 2449 ac
2272 2412 2493 2460 temporibus

265 2461 404 2495 Aeneae
427 2464 462 2495 et
484 2459 633 2495 Romuli
654 2471 712 2495 mu
730 2464 766 2496 to
795 2461 1038 2506 antiquiora),
1069 2465 1104 2497 et
1127 2460 1274 2497 colonia
1303 2461 1342 2495 in
1366 2460 1450 2496 illas
1473 2465 1603 2507 partes
1631 2461 1741 2496 missa
1764 2459 1926 2495 Pisidiae
1955 2459 2115 2505 aliquam
2139 2462 2287 2506 partem
2316 2457 2493 2494 adimeret

267 2505 370 2550 eique
393 2514 496 2539 suum
519 2516 648 2540 nomen
672 2505 776 2540 daret
799 2511 908 2552 atque
925 2505 1150 2552 Lycaoniam
1174 2517 1198 2541 a
1220 2517 1260 2542 se
1282 2506 1364 2553 ipso
1388 2506 1573 2552 reqionem
1594 2505 1806 2552 appellaret.
1856 2503 1989 2551 Itaque
2007 2514 2088 2540 eam
2111 2514 2256 2550 quoque
2274 2502 2492 2550 maqistratu

267 2560 400 2583 ornare
420 2560 494 2600 par
516 2554 570 2584 est
593 2550 752 2595 antiquis
774 2550 962 2586 Romanae
995 2551 1209 2598 disciplinae
1232 2551 1348 2597 siquis
1371 2550 1555 2593 distincto,
1588 2556 1698 2596 atque
1721 2560 1784 2585 eos
1813 2548 1877 2601 qui
1899 2560 1996 2585 nunc
2025 2549 2059 2585 ei
2079 2551 2259 2596 praesunt
2289 2551 2382 2591 (eum
2404 2546 2491 2583 dici-

267 2604 345 2628 mus
366 2604 425 2638 qut
446 2594 580 2629 civilem
601 2595 851 2645 maqistratum
872 2597 968 2641 qerit
986 2601 1022 2632 et
1041 2607 1121 2631 eum
1144 2596 1208 2643 qui
1231 2597 1345 2631 armis
1361 2599 1526 2642 praeest)
1553 2596 1592 2630 in
1618 2606 1728 2631 unum
1744 2605 1965 2640 comunqere
1987 2598 2023 2630 et
2038 2594 2223 2647 praetoris
2242 2592 2492 2675 ἳφρεῖίαίίοηε

267 2638 448 2673 decorare.
497 2637 565 2673 Est
585 2650 676 2673 emm
697 2650 824 2675 nomen
848 2640 917 2675 Ιιοο
933 2640 1100 2676 Romano
1123 2641 1278 2687 imperio
1295 2641 1463 2688 patrium
1486 2641 1526 2676 id
1550 2651 1596 2676 ue
1619 2644 1704 2676 ante
1726 2640 1828 2687 ipsos
1847 2639 2014 2675 consules
2035 2650 2075 2674 m
2093 2649 2227 2686 maqna
2278 2647 2492 2674 omanorum

267 2683 453 2734 republica
476 2683 514 2718 in
538 2694 604 2718 usu
627 2684 710 2734 fuit.
759 2684 852 2719 Nam
873 2689 1010 2721 veteres
1029 2685 1187 2722 Romani
1210 2686 1374 2733 ipsorum
1398 2685 1483 2721 belli
1505 2652 1614 2722 diaes
1630 2690 1828 2732 praetores
1851 2683 2040 2727 vocabant,
2067 2688 2178 2731 atque
2199 2682 2309 2720 simul
2329 2686 2367 2735 ct
2384 2692 2490 2719 exer-

268 2727 399 2763 citibus
421 2738 485 2763 eos
500 2728 763 2774 praeficiebant
793 2734 829 2764 et
851 2729 989 2776 leqibus
1013 2731 1057 2765 ab
1080 2731 1126 2766 iis
1148 2732 1296 2778 scriptis
1320 2731 1575 2767 oboediebanl:
1610 2734 1760 2776 eratque
1786 2729 2022 2776 maqistratus
2044 2739 2095 2765 ex
2117 2732 2273 2775 utroque
2293 2730 2434 2765 numius
2454 2729 2494 2764 et

268 2772 332 2818 qui
354 2773 393 2806 in
415 2777 524 2807 semet
546 2773 623 2818 ipse
646 2777 681 2808 et
705 2773 869 2809 virtutem
892 2775 930 2809 in
955 2776 1032 2810 acie
1056 2780 1091 2811 et
1113 2775 1343 2822 disciplinam
1366 2777 1405 2812 in
1429 2776 1568 2823 leqibus
1591 2774 1909 2822 comprehenderet
1931 2778 1971 2810 at
1998 2785 2042 2810 ue
2065 2777 2273 2810 ostentaret.

402 2816 431 2852 1.
483 2815 668 2868 ‚Quoniam
687 2818 812 2868 jqitur
841 2818 898 2854 hic
929 2831 1072 2866 quoque
1096 2822 1333 2868 propositum
1364 2825 1419 2857 est
1447 2821 1554 2856 nobis
1586 2820 1679 2856 duos
1708 2820 1748 2855 in
1771 2830 1890 2855 unum
1921 2830 1962 2855 re
1986 2819 2104 2866 iqere,
2128 2821 2335 2866 propterea
2363 2816 2492 2854 mer-ito

268 2862 302 2898 ei
319 2866 508 2909 praetoris
531 2873 658 2896 nomen
680 2863 906 2908 imponimus,
937 2869 978 2899 ut
1000 2876 1074 2899 una
1098 2877 1178 2900 cum
1201 2867 1346 2902 nomine
1374 2866 1562 2913 praetoris
1584 2865 1712 2902 subeat
1734 2864 1877 2901 animos
1904 2863 2126 2900 audientium
2149 2863 2231 2911 ipsa
2253 2862 2493 2910 maqistratus

269 2918 364 2954 quae
394 2910 447 2942 est
469 2906 634 2941 condicio
659 2910 694 2942 et
716 2911 861 2950 natura,
894 2908 1063 2959 quodque
1094 2921 1167 2945 non
1190 2911 1348 2958 simplex
1378 2915 1433 2947 est
1461 2921 1577 2957 neque
1607 2910 1658 2946 ad
1686 2920 1798 2946 unam
1820 2908 1935 2945 solam
1965 2909 2146 2945 rationem
2168 2911 2234 2944 aut
2257 2918 2352 2955 quac
2373 2917 2491 2944 armo·

268 2962 348 2987 rum
372 2955 437 2987 aut
460 2961 553 2997 quae
584 2951 702 2997 lequm
730 2956 783 2986 est
814 2954 979 2998 respicit,
1010 2954 1075 2989 sed
1097 2960 1288 3001 utrumque
1322 2955 1594 3003 comprehendit
1627 2955 1792 3002 officium
1822 2959 1859 2991 et
1886 2964 1936 2990 ex
1966 2953 2116 2990 militari
2146 2952 2291 3000 quidem
2306 2954 2493 3000 potestate

268 3006 413 3033 severus
444 3000 479 3032 et
499 2995 624 3042 fortis,
653 3006 722 3042 per
750 2996 862 3042 leqem
895 3009 979 3033 vcro
1010 2999 1107 3034 mitis
1136 3004 1172 3035 et
1203 3001 1313 3036 comis
1344 3008 1398 3037 est
1428 3001 1582 3047 ideoque
1611 3000 1727 3047 facile
1758 2999 1932 3036 adversus
1961 2999 2117 3034 iniustos
2147 2997 2290 3045 quidem
2320 2996 2491 3040 sever-tus,

269 3041 442 3078 adversus
467 3039 605 3092 probes
636 3044 755 3075 autem
786 3041 936 3087 aequius
967 3046 1003 3078 et
1033 3044 1255 3080 moderatius
1283 3055 1323 3081 se
1353 3051 1468 3092 qerat.
1527 3045 1604 3082 Nec
1637 3049 1755 3081 tamen
1784 3044 1997 3091 simpliciter
2024 3043 2094 3080 hoc
2116 3043 2260 3096 aqimus
2287 3053 2333 3078 nc
2358 3052 2404 3078 uc
2424 3051 2490 3088 ap-

267 3086 460 3134 pellationi
489 3085 558 3121 solz
584 3096 732 3132 operam
755 3084 892 3128 damus,
923 3087 988 3123 sed
1015 3088 1065 3123 ad
1086 3099 1189 3125 usum
1216 3090 1315 3136 ipsos
1342 3092 1579 3138 maqistratus
1606 3089 1927 3126 accommodamus.
1990 3087 2060 3125 Est
2081 3099 2175 3124 cmm
2198 3088 2301 3135 reqio
2321 3097 2334 3123 ι
2350 3086 2387 3122 la
2406 3086 2491 3134 for·

314 3203 335 3234 3
359 3202 420 3234 καὶ
443 3195 513 3240 ὅτι]
537 3200 596 3232 καὶ
620 3211 678 3231 om.
694 3210 713 3233 ς
731 3196 744 3242 ΙΙ
767 3200 788 3231 4
812 3201 1092 3240 συνῳκισμένων
1115 3202 1157 3233 Μ
1175 3201 1186 3245 ΙΙ
1206 3199 1342 3247 προφά-
1411 3203 1662 3247 lycaoniamque
1677 3204 1812 3238 Neobur
1835 3228 1857 3246 .,
1881 3203 2081 3246 lyceroninm
2100 3212 2184 3244 qnae
2206 3202 2239 3235 T
2258 3200 2442 3244 lycaoniam
2461 3199 2495 3234 V

269 3256 346 3280 aeos
367 3246 415 3278 L¹
445 3244 457 3288 ΙΙ
486 3247 505 3276 5
530 3244 601 3285 τῆς]
632 3245 706 3276 τοῖς
730 3243 772 3275 Μ
797 3243 809 3285 ss
839 3246 859 3276 6
883 3245 941 3275 καὶ
962 3246 1035 3277 τοῖς
1059 3245 1229 3290 ῥωμαίοις
1254 3247 1301 3279 L*
1331 3247 1344 3291 11
1412 3249 1559 3291 Lycaoni
1584 3250 1671 3282 enim
1695 3252 1782 3293 vulq.
1808 3250 1814 3291 Ι
1849 3251 1868 3282 5
1903 3247 1984 3281 olim
2014 3259 2073 3280 om.
2106 3245 2171 3290 Vfl
2198 3245 2355 3279 archadia
2386 3244 2450 3280 VT
2476 3241 2492 3290 Ι

270 3295 288 3326 ’7
301 3289 496 3346 *vigore-ovs
518 3289 610 3343 Μῖῑι,ι
628 3287 831 3341 Olympicus
856 3288 1050 3340 Haloander
1063 3291 1169 3344 §cf-5)
1188 3290 1202 3344 ΙΙ
1219 3292 1259 3324 14
1284 3288 1343 3344 ‘²¹³5
1412 3295 1432 3327 6
1448 3295 1623 3344 ‘contingit
1642 3294 1689 3328 V·
1709 3293 1722 3337 fl
1738 3296 1826 3327 terra
1849 3291 1905 3338 VH
1928 3293 2057 3345 P¹i³.⁰¹².⁸
2073 3291 2271 3344 ’oenotarius
2291 3290 2348 3334 Vn
2369 3290 2397 3342 8·
2413 3299 2486 3333 pre-

268 3333 1344 3424 Zzhzsslsseihffifflffss33‘2122‘2‘5'22251'255‘22'130'3223
1412 3338 1643 3426 ἷῖἐιὲῗιῖἰῗῗέι
1661 3340 1689 3402 *⁹
1686 3337 1915 3427 ωἱέἳὲαἶιῖιωῖ
1925 3339 2016 3416 1ιιιξῗῖ
2017 3337 2102 3426 iiii?
2120 3335 2360 3425 §titiam
2373 3336 2491 3423 υᾶιῖ

269 3429 357 3470 μένη
372 3426 431 3466 L2]
448 3425 740 3476 ἐπιγραφομένην
753 3422 863 3458 ML¹5
878 3421 890 3466 ΙΙ
907 3419 1114 3475 νῦν-αὐτους
1126 3424 1174 3456 L²
1189 3423 1201 3468 ΙΙ
1224 3426 1264 3458 16
1285 3425 1345 3467 τῆς
1416 3427 1454 3459 Π
1480 3427 1735 3468 appellationem
1767 3429 1851 3462 Vol.
1877 3428 1890 3470 ΙΙ
1917 3429 1957 3461 21
1983 3426 2243 3470 praecibuebant
2273 3425 2327 3459 V⁶
2351 3423 2364 3469 ΙΙ
2389 3425 2432 3459 28
2455 3433 2474 3458 ο

271 3469 452 3513 πολιτικῆς
474 3466 579 3514 ἀρχηε
601 3469 716 3512 L²(cs.
731 3469 762 3511 ς)
781 3467 793 3511 ΙΙ
820 3469 862 3501 24
887 3463 1010 3500 αὐτων
1034 3468 1098 3508 Le]
1124 3465 1232 3501 αὐτοῦ
1258 3469 1304 3502 Μ
1334 3470 1344 3511 Η
1414 3470 1450 3502 in
1465 3470 1512 3510 (in
1526 3472 1587 3505 del.
1606 3471 1669 3514 V0)
1684 3474 1834 3506 ostendes
1854 3471 1911 3517 711
1928 3473 1971 3507 28
1992 3472 2080 3510 Quia
2095 3471 2188 3512 Vol]
2202 3468 2367 3509 Quoniam
2378 3469 2464 3514 ναῖς.

271 3519 314 3551 26
338 3513 548 3549 δεικνύουσα
571 3514 616 3548 M
623 3526 706 3547 corr.
725 3514 796 3556 1133
821 3508 915 3554 ἁπλή
929 3513 973 3545 Μ
984 3513 996 3555 ΙΙ
1015 3515 1057 3547 35
1082 3511 1345 3557 συνεφέλκεται]
1379 3527 1381 3532 ·
1415 3516 1457 3549 32
1481 3515 1824 3551 administrationibus
1848 3519 1925 3552 libri
1969 3518 2012 3552 34
2037 3516 2126 3559 quod
2146 3517 2191 3558 V]
2217 3525 2302 3558 quae
2326 3514 2424 3548 Tvul
2445 3538 2453 3546 .

270 3561 439 3594 subtrahit
451 3562 485 3602 (i.
501 3573 524 3593 e.
539 3556 794 3604 συνυφέλκεται
804 3557 836 3601 Ὶ)
860 3556 907 3602 5ss
925 3559 965 3591 41
993 3558 1052 3590 καὶ
1076 3571 1133 3592 om.
1147 3570 1168 3594 ς
1415 3560 1458 3593 35
1482 3561 1650 3594 contrahit
1667 3562 1762 3596 Beck
1777 3561 1791 3607 ss
1808 3564 1842 3595 et
1864 3575 1922 3596 om.
1951 3562 2016 3596 ibri
2027 3561 2041 3605 ΙΙ
2060 3563 2103 3597 38
2126 3559 2351 3594 uehementi·
2407 3559 2415 3566 ⁹
2432 3557 2489 3590 iti-

1415 3603 1476 3636 bus
1494 3608 1603 3637 autem
1621 3606 1783 3647 legalibus
1805 3606 1861 3649 Vn
1877 3609 1920 3640 40
1943 3606 2150 3640 medei-amun
2170 3605 2227 3650 ΡΙ
2242 3606 2284 3640 41
2305 3603 2347 3637 ab
2365 3601 2489 3637 hiantis

320 3654 333 3685 1
363 3662 431 3683 eam
445 3652 543 3694 vul9.]
568 3661 642 3683 eum
662 3651 740 3683 libri
755 3650 768 3693 ss
783 3651 805 3683 4
828 3649 977 3692 Lycaoni
996 3659 1137 3691 namque
1153 3650 1345 3689 Heimbach]
1415 3648 1511 3682 nullo
1537 3650 1570 3682 T
1601 3650 1644 3683 ab
1667 3651 1720 3683 his
1743 3651 1818 3684 auri
1841 3650 1944 3683 anulo
1964 3651 2000 3685 V

2574 3794 2592 3840 i
