2476 3854
118 71 227 116 Nov.
253 72 433 115 CXXIII
463 75 626 117 39—41
1192 69 1279 118 622
1959 87 2020 119 nn
2047 86 2347 122 sancmssms

1053 181 1210 220 CAPUT
1233 183 1401 220 XXXIX.

187 240 393 281 Μνηστείας
423 236 463 273 δὲ
489 235 625 283 μεταξύ
656 250 772 273 τινων
801 237 895 273 κατὰ
922 237 1038 284 νόμον
1061 242 1201 286 γινομέ-
1337 238 1573 285 Sponsalibus
1603 250 1745 287 quoque
1775 240 1972 278 secundum
2002 241 2097 288 leges
2123 241 2230 280 factis
2255 242 2349 279 inter

119 294 198 326 νης,
233 284 303 317 εἴτε
335 280 354 317 ὁ
386 284 550 329 μνηστήρ
580 284 628 317 εἰς
657 282 900 330 μοναστήριον
930 284 1082 333 εἰεέλθῃ,
1114 281 1203 319 ἀνα·
1270 284 1427 330 quuos,
1463 286 1537 322 sive
1570 295 1723 332 sponsus
1758 286 1797 322 in
1830 287 2087 323 monasterium
2120 287 2348 333 ingrediatur,

120 327 337 373 λαμβανέτω
368 329 413 362 τὰ
439 327 529 373 ὑπὲρ
558 329 620 372 τῆς
642 332 836 372 μνηστείας
867 326 1097 375 ἀρραβώνων
1120 326 1203 365 ὄνό-
1271 331 1422 376 recipiat
1451 339 1545 376 quae
1566 341 1632 376 pro
1656 332 1884 378 sponsalibus
1907 336 2075 368 ari-arum-
2099 333 2241 369 nomine
2263 332 2349 369 data

118 386 207 418 ματι
238 371 429 417 δεδομένα,
464 373 535 407 εἴτε
564 371 587 416 ἡ
618 373 760 418 μνηστὴ
793 374 861 409 τὸν
891 375 1090 419 μοναχικὸν
1121 379 1203 420 βίον
1272 379 1374 418 sunt,
1409 375 1483 412 sive
1514 386 1647 422 sponsa
1675 377 1923 414 monachicam
1953 377 2061 413 vitam
2091 378 2252 423 elegerit,
2285 378 2348 414 illa

120 418 342 462 ἐπιλέξηται,
378 420 497 453 ἐκεῖνα
527 416 644 463 μόνον
677 416 891 454 ἀποδιδότω
925 417 1037 454 ἅτινα
1069 418 1204 465 ὁμοίως
1239 423 1258 456 5
1272 420 1492 457 solummodo
1527 421 1654 459 reddat
1691 432 1782 467 quae
1817 422 1976 458 similiter
2012 431 2174 459 arrarum
2206 422 2348 459 nomine

120 461 348 509 ἀρραβώνων
372 458 528 507 όνόματι
552 462 675 508 ἔλαβε,
699 465 762 507 τῆς
778 466 906 508 ποινῆς
925 466 1082 512 ἑκατέρῳ
1105 468 1204 511 με’ρει
1271 466 1422 512 accepit,
1447 475 1564 512 poena
1587 467 1728 512 utrique
1749 467 1845 513 parti
1868 467 2106 504 concedenda.

119 510 417 554 συγχωρουμένηε.

1103 566 1259 603 CAPUT
1282 565 1361 602 XL.

185 620 231 653 Εἰ
255 617 296 653 δὲ
318 621 541 654 συνεστῶτος
571 621 627 654 ἔτι
657 620 722 655 τοῦ
746 619 862 668 γάμου
887 619 907 656 ὁ
934 619 1025 668 ἀνὴρ
1046 620 1156 668 μόνος
1179 622 1202 678 ἢ
1328 622 1365 658 Si
1387 631 1470 659 vero
1494 625 1683 660 constante
1705 624 1822 661 adhuc
1844 625 2070 662 matrimonio
2092 628 2156 662 aut
2178 625 2231 662 vir
2249 626 2348 663 solus

118 663 140 707 ἦ
175 664 264 710 γυνὴ
287 663 383 709 μόνη
414 663 555 711 εἶςέλθῃ
587 665 634 699 εἰς
658 667 914 712 μοναστήριον,
947 665 1156 702 διαλυέσθω
1180 681 1199 702 o
1271 668 1335 703 aut
1365 678 1458 704 uxor
1489 667 1566 704 sola
1594 669 1780 706 intraverit
1812 670 1850 706 in
1883 671 2154 714 monasterium,
2189 671 2349 709 solvatur

118 710 229 756 γάμος
252 712 313 743 καὶ
330 708 411 752 δίχα
430 708 631 755 ῥεπουδιόυ,
654 708 748 755 μεθ>
767 708 791 745 ὅ
804 715 929 756 μέντοι
944 713 986 747 τὸ
1005 713 1202 759 πρόςωπον
1218 716 1257 749 10
1270 712 1534 749 matrimonium
1569 716 1605 750 et
1636 714 1726 751 citra
1759 715 1966 761 repudium,
2033 719 2196 762 ostquam
2229 720 2348 753 tamen

118 754 161 789 τὸ
186 753 427 810 εἰςερχρμρνον
447 756 495 789 εἰς
515 754 760 800 μοναστήριον
784 757 827 791 τὸ
845 758 964 802 σχῆμα
988 757 1093 807 λάβῃ.
1142 762 1202 793 καὶ
1270 767 1422 802 persona
1446 768 1594 810 pergens
1618 759 1664 795 ad
1687 760 1940 796 monasterium
1970 771 2009 797 sc
2036 771 2113 797 ema
2136 761 2346 807 perceperit.

119 800 149 833 εἰ
180 802 247 843 μὲν
278 813 298 834 ο
325 801 416 845 ανὴρ
445 800 512 835 τὸν
533 801 733 845 μοναχικὸν
757 801 963 847 ἐπιλέξηται
985 807 1079 848 βίον,
1111 800 1200 840 ἀπο·
1270 803 1321 839 Et
1343 803 1376 839 Si
1399 803 1539 849 qu1dem
1570 804 1623 840 Vir
1646 805 1793 851 elegerit
1820 805 2064 842 monachicam
2087 807 2212 849 Vitam,
2243 807 2347 843 resti·

118 845 335 879 καθιστάτω
359 847 403 892 τῇ
427 849 568 891 γυναικὶ
592 849 652 879 καὶ
675 846 743 890 τὴν
767 851 899 893 προῖκα
922 852 981 883 καὶ
1005 849 1041 883 εἴ
1059 862 1096 883 τι
1113 847 1201 883 ἄλλο
1269 851 1349 884 tuat
1377 848 1517 884 mulieri
1549 852 1631 894 post
1661 849 1779 885 dotem
1802 850 1909 886 etiam
1939 851 1969 887 si
2016 851 2077 887 uid
2107 851 2206 888 aliud
2235 852 2282 888 ab
2305 861 2349 888 ea

119 887 188 925 ἀπ’
209 889 318 933 αὐτῆς
335 890 455 935 ἔλαβε,
478 894 538 925 καὶ
554 891 644 943 πρᾲς
658 891 799 926 τούτοις
823 895 861 927 ἐκ
880 894 944 936 τῆς
957 895 1108 941 γαμικῆς
1131 892 1201 928 δω-
1270 894 1481 939 perceperit,
1512 897 1549 930 et
1571 904 1679 941 super
1702 895 1791 931 haec
1814 905 1859 931 ex
1881 896 2006 942 nuptia
2023 896 2031 905 ”
2055 896 2247 933 donatione
2266 899 2348 934 tan·

140 936 199 970 εᾶς
228 936 404 970 τοσοῦτον
434 938 556 983 μέρος,
593 934 682 971 ὅσον
704 939 744 971 ἐκ
773 940 836 982 τῆς
859 938 1020 983 τελευτῆς
1049 941 1114 974 τοῦ
1139 937 1200 974 ἀν·
1218 942 1257 974 15
1271 945 1346 974 tam
1369 942 1522 984 partem,
1558 942 1692 985 quanta
1722 950 1766 977 ex
1789 944 1903 977 morte
1931 941 1999 977 viri
2022 942 2248 987 competebat
2269 952 2347 978 mu-

117 948 199 1028 δρὸς
228 977 359 1026 ἥρμοζε
389 982 432 1028 τῇ
456 984 598 1028 γυναικὶ
626 982 720 1017 κατὰ
751 983 794 1017 τὸ
825 983 1026 1029 σύμφωνον
1055 985 1099 1019 τὸ
1129 988 1203 1020 τοῖς
1270 985 1347 1020 lieri
1371 984 1566 1020 secundum
1594 988 1739 1030 pactum
1762 985 1941 1023 dotalibus
1969 986 2213 1023 instrumentis
2235 987 2348 1024 inser-

117 1026 309 1072 προικῴοις
341 1025 570 1071 συμβολαίοις
594 1027 848 1073 ἐμφερόμενον.
889 1031 921 1064 εἰ
938 1028 978 1064 δὲ
995 1028 1086 1076 γυνὴ
1107 1027 1201 1074 εἴηῆ
1270 1033 1354 1066 tum.
1403 1029 1441 1066 Si
1463 1040 1547 1066 vero
1579 1031 1704 1066 muller
1733 1031 1843 1067 fuerit
1870 1031 1909 1067 in
1932 1032 2150 1068 monasterio
2176 1032 2348 1077 ingressa,

117 1072 166 1106 εἰς
195 1072 239 1106 τὸ
271 1071 516 1118 μοναστήριον
547 1072 773 1116 εἰςελθοῦσα,
809 1074 878 1110 τὸν
908 1072 1034 1120 ὅμοιον
1064 1074 1202 1121 τρόπον
1271 1075 1376 1111 simili
1410 1075 1516 1111 modo
1550 1077 1703 1112 retineat
1734 1077 1788 1112 vir
1822 1076 2016 1122 nuptialem
2052 1077 2280 1114 donationem
2313 1080 2351 1114 et

117 1121 395 1162 παρακρατείτω
420 1115 440 1151 ὁ
466 1115 556 1163 ἀνὴρ
587 1118 656 1162 τὴν
683 1119 842 1165 γαμικὴν
872 1118 1015 1169 δωρεὰν
1045 1124 1104 1155 καὶ
1133 1120 1203 1155 τὸν
1272 1131 1394 1156 casum
1424 1121 1518 1156 dotis
1549 1130 1594 1156 ex
1624 1124 1736 1157 morte
1766 1121 1924 1158 mulieris
1952 1122 2142 1176 placitum,
2173 1122 2349 1169 reliquum

117 1161 254 1197 κάσσον
277 1163 340 1206 τῆς
362 1161 510 1208 προικὸς
540 1162 608 1198 τὸν
632 1161 707 1199 ἀπὸ
731 1166 794 1207 τῆς
816 1164 979 1209 τελευτῆς
1002 1167 1064 1209 τῆς
1081 1179 1200 1210 γυναι·
1216 1168 1256 1201 20
1271 1176 1352 1202 vero
1383 1166 1475 1202 dotis
1504 1165 1642 1202 mulieri
1672 1166 1815 1203 restitui
1846 1168 2102 1213 praecipimus,
2138 1169 2175 1204 et
2203 1168 2235 1204 si
2262 1167 2350 1249 ffid

117 1208 176 1243 κὸς
199 1208 506 1253 συμφωνηθέντα,
529 1212 590 1242 καὶ
612 1209 655 1243 τὸ
671 1208 802 1245 λοιπὸν
825 1212 886 1254 τῆς
906 1211 1052 1256 προικὸς
1074 1211 1119 1254 τῆ
1167 1225 1202 1245 v·
1270 1212 1369 1247 aliud
1392 1221 1439 1247 ex
1462 1211 1570 1248 rebus
1592 1211 1750 1248 mulieris
1782 1212 1879 1257 apud
1901 1222 1982 1248 eum
2004 1212 2216 1249 inveniatur.
2333 1232 2349 1241 ·

117 1257 215 1288 ναικὶ
246 1250 508 1288 ἀποκαθιστᾶν
539 1254 874 1299 παρακελευόμεθα,
909 1259 969 1290 καὶ
993 1256 1029 1290 εἴ
1053 1247 1138 1290 va'o'i
1161 1255 1202 1290 λο
1270 1257 1386 1292 bobus
1409 1259 1527 1292 autem
1550 1257 1796 1294 monachicam
1824 1257 1933 1294 Vitam
1956 1257 2164 1302 eligentibus
2186 1258 2349 1295 iubemus

118 1301 156 1333 ἐκ
174 1300 251 1333 τῶν
267 1298 495 1346 πραγμάτων
520 1300 582 1343 τῆς
603 1299 773 1346 γυναικὸς
796 1298 885 1347 παρ’
906 1299 1006 1346 αὐτῷ
1024 1298 1200 1349 εὑρεθείη.
1270 1302 1480 1338 vacantibus
1504 1302 1680 1338 dotalibus
1704 1302 1844 1348 placitis
1874 1302 1987 1339 virum
2010 1303 2164 1339 retinere
2185 1302 2348 1340 demtio-

117 1342 333 1400 ἀμφοτέρων
363 1342 403 1378 δὲ
432 1342 501 1379 τὸν
523 1345 722 1389 μοναχικὸν
752 1349 836 1390 βίον
858 1345 1125 1393 ἐπιλεγομένων
1147 1359 1202 1381 κε·
1270 1357 1351 1382 nem
1374 1347 1569 1393 nuptialem
1586 1350 1623 1383 et
1636 1348 1819 1384 mulierem
1843 1349 2026 1401 propriam
2048 1349 2210 1395 accipere
2230 1348 2349 1385 dotem

116 1389 277 1434 λευομεν,
302 1386 515 1436 ἀργούντων
538 1391 616 1425 τῶν
636 1395 879 1436 προικιμαίων
902 1393 1112 1438 συμφώνων
1135 1392 1203 1427 τὸν
1216 1394 1258 1428 25
1270 1397 1306 1428 et
1336 1393 1505 1438 quicquid
1540 1392 1637 1429 aliud
1667 1393 1744 1430 viro
1778 1392 1919 1429 dedisse
1951 1393 2135 1439 probetur,
2168 1396 2210 1430 ut
2238 1404 2349 1431 unus·

117 1434 234 1482 ἄνδρα
257 1437 503 1481 παρακρατεῖν
534 1435 604 1478 τὴν
627 1435 784 1482 γαμικὴν
809 1435 961 1482 δωρεάν,
985 1441 1045 1472 καὶ
1061 1437 1129 1481 τὴν
1143 1450 1201 1485 γυ-
1270 1437 1420 1484 quisque
1443 1438 1533 1474 citra
1557 1439 1724 1475 damnum
1747 1439 1821 1475 suis
1844 1438 1987 1475 fruatur
2006 1439 2135 1484 rehum
2166 1438 2236 1476 nisi
2254 1438 2350 1476 forte

116 1484 223 1515 ναῖκα
246 1481 313 1524 τὴν
336 1478 434 1515 ἰδίαν
458 1480 660 1525 λαμβάνειν
683 1485 814 1527 προῖκα
837 1486 898 1517 καὶ
917 1483 952 1517 εἴ
971 1495 1006 1517 τι
1035 1481 1123 1517 ἄλλο
1146 1483 1200 1525 τῷ
1270 1493 1424 1529 sponsus
1459 1493 1614 1529 sponsae
1655 1486 1719 1520 aut
1754 1494 1888 1529 sponsa
1922 1494 2056 1530 sponso
2098 1486 2164 1521 aut
2200 1483 2349 1522 maritus

117 1523 224 1571 ἀνδρὶ
248 1524 445 1560 δεδωκέναι
468 1524 642 1569 δειχθείη,
668 1526 728 1560 ἵνα
746 1527 793 1562 εἷς
808 1529 955 1563 ἕκαστος
978 1526 1060 1583 δίχα
1077 1530 1202 1572 ζημίας
1270 1529 1375 1564 uxori
1408 1530 1472 1564 aut
1506 1539 1599 1565 uxor
1632 1530 1761 1566 marito
1796 1529 1930 1566 donare
1964 1529 2098 1576 aliquid
2130 1531 2195 1566 aut
2225 1529 2350 1567 cedere

117 1573 194 1606 τῶν
219 1569 325 1606 ἰδίων
355 1568 545 1620 ἀπολαύσῃ
565 1572 823 1626 Ὰπρςαγμοὶτων·
859 1574 890 1608 εἰ
912 1574 962 1618 μὴ
993 1584 1042 1608 ως
1065 1573 1157 1608 εἰκὸς
1180 1571 1200 1607 ὁ
1271 1575 1433 1611 voluerit.

116 1618 279 1671 μνηστήρ
310 1617 354 1664 τῇ
385 1618 539 1671 ,ιινησιτῇ<
558 1630 580 1661 η
611 1630 634 1661 η
665 1618 806 1671 μνηστὴ
839 1620 893 1662 τῷ
923 1620 1104 1663 μνηστῆρι
1134 1617 1157 1661 ἢ
1180 1616 1200 1652 ὁ
1217 1620 1257 1653 30

118 1675 211 1707 ανηρ
235 1675 278 1709 τῃ
301 1664 443 1709 γυναικὶ
475 1676 496 1704 η
519 1676 541 1705 η
565 1662 656 1709 γυνὴ
688 1676 742 1707 τῳ
767 1660 875 1712 ἀνδρὶ
897 1662 1144 1710 δωρήσασθαί
1167 1676 1204 1698 τι

117 1705 141 1751 ἢ
165 1708 395 1754 συγχωρῆσαι
417 1705 627 1752 βουληθείη.

1103 1764 1261 1803 CAPUT
1284 1765 1381 1803 XLI.

180 1815 361 1864 Οὐδεμίαν
385 1817 426 1854 δὲ
455 1817 583 1855 ἄδειαν
612 1817 761 1865 δίδομεν
792 1818 816 1865 ἢ
842 1823 916 1855 τοῖς
944 1822 1090 1868 γονεῦσι
1120 1821 1203 1857 τοὺς
1327 1821 1471 1859 Nullam
1495 1831 1577 1858 vero
1595 1822 1777 1859 licentiam
1795 1821 1920 1859 damus
1943 1825 2007 1859 aut
2028 1823 2238 1869 parentibus
2257 1823 2350 1861 filios

118 1862 249 1901 παῖδας
273 1862 294 1907 ἢ
317 1867 390 1899 τοῖς
408 1868 512 1900 παισὶ
535 1866 618 1900 τοὺς
639 1869 765 1912 γονέας
787 1865 857 1911 τὴν
873 1866 1047 1912 κοσμικὴν
1070 1864 1203 1916 διαγω-
1271 1869 1337 1904 aut
1369 1867 1453 1904 filiis
1484 1869 1650 1913 parentes
1684 1868 1904 1905 saecularem
1937 1868 2046 1905 vitam
2081 1870 2272 1912 [sectantes
2301 1872 2350 1913 et]

184 1948 211 1968 c.
236 1934 472 1968 XL—XLII
490 1937 628 1969 summas
652 1936 778 1970 exhibet
800 1936 906 1969 Anon.
931 1936 1140 1971 Bodlet'anus
1163 1950 1189 1971 c.
1209 1937 1390 1972 482—486
1415 1937 1505 1980 apud
1527 1937 1717 1971 Zachariae
1737 1932 1869 1971 Ἀνέκδ.
1895 1938 1972 1972 210.

185 1992 212 2013 c.
238 1980 333 2013 XLI
353 1993 391 2013 ex
414 1981 443 2014 S
465 1982 580 2023 repetit
601 1980 736 2015 Nomoc.
754 1981 787 2015 L
812 1983 857 2015 tit.
874 1982 917 2015 32
937 1994 973 2025 p.
987 1983 1053 2016 638
1075 1982 1188 2024 Voell.,
1213 1996 1252 2016 ex
1276 1983 1312 2015 B
1337 1980 1516 2016 Nomoefim
1531 1982 1595 2015 XI
1604 1982 1687 2016 Vtit.
1702 1983 1792 2023 9,32.

250 2058 420 2094 XXXIX.
467 2057 708 2104 Sponsalibus
731 2062 851 2095 autem
880 2059 976 2095 inter
998 2059 1176 2105 quosdam
1204 2059 1398 2095 secundum
1430 2059 1544 2105 leqem
1567 2059 1775 2103 contractis,
1805 2059 1880 2096 sive
1907 2070 2064 2106 sponsus
2093 2061 2350 2096 monasterium

116 2105 318 2146 intraverit,
342 2103 498 2150 recipiat
520 2114 615 2150 quae
630 2114 706 2151 pro
730 2103 963 2150 sponsalibus
985 2103 1180 2140 arrharum
1203 2106 1346 2142 nomine
1369 2104 1459 2140 data
1480 2109 1584 2147 sunt,
1615 2105 1690 2142 sive
1710 2115 1849 2152 sponsa
1871 2104 2119 2141 monachicam
2150 2106 2259 2142 vitam
2281 2105 2349 2143 ele·

117 2150 223 2197 qcrit,
248 2149 314 2185 illa
337 2149 454 2185 solum
477 2148 608 2186 reddat
631 2160 725 2195 quae
747 2150 914 2186 similiter
936 2149 1132 2186 arrharum
1155 2152 1298 2187 nomine
1321 2150 1473 2197 accepit,
1490 2160 1617 2196 poena
1640 2150 1785 2196 utrique
1800 2151 1908 2198 parti
1929 2151 2092 2187 remissa.

251 2195 330 2231 XL.
377 2193 422 2230 Si
450 2198 568 2230 autem
598 2198 787 2231 constante
816 2195 1046 2231 matrimonio
1075 2196 1131 2232 vir
1158 2196 1258 2232 solus
1291 2195 1349 2232 vel
1381 2195 1511 2231 mulier
1544 2195 1626 2231 sola
1659 2196 1914 2231 monasterium
1948 2196 2154 2238 intraverit,
2187 2195 2351 2233 solvatur

117 2241 225 2277 etiam
247 2241 325 2277 sine
343 2239 498 2287 repudio
517 2240 794 2282 matrimonium,
816 2244 1013 2287 postquam
1036 2240 1173 2277 scilicet
1191 2252 1354 2287 persona
1376 2241 1631 2277 monasterium
1654 2242 1820 2287 inqressa
1842 2240 2003 2276 habitum
2026 2241 2216 2287 acceperit.
2255 2240 2303 2278 Ec
2317 2242 2351 2278 si

117 2286 260 2333 quidem
283 2285 339 2322 vir
362 2284 610 2321 monachicam
633 2286 743 2322 vitam
766 2285 926 2332 eleqerit,
949 2287 1120 2322 restituat
1142 2287 1285 2323 meatim·
1307 2290 1343 2323 et
1365 2285 1484 2322 dotem
1507 2289 1543 2322 et
1565 2287 1599 2322 si
1621 2286 1710 2332 quid
1731 2285 1834 2322 aliud
1854 2286 1900 2322 ab
1922 2285 1987 2322 illa
2003 2286 2154 2332 accepit,
2177 2296 2222 2322 ac
2237 2297 2350 2333 prae-

118 2337 216 2368 terea
239 2342 289 2367 ex
312 2330 472 2378 nuptiali
493 2330 689 2366 donatione
722 2335 859 2367 tantam
876 2335 1044 2378 partem,
1103 2336 1215 2367 nanta
1238 2342 1288 2367 ex
1310 2337 1427 2367 morte
1457 2331 1579 2366 mariti
1607 2330 1802 2367 secundum
1828 2334 1979 2378 pactum
2008 2331 2257 2367 instrumentis
2286 2331 2350 2368 do-

118 2377 249 2413 talibus
272 2376 446 2412 insertum
468 2375 610 2412 mulieri
634 2376 866 2423 competebat.
914 2375 981 2412 Sin
1004 2387 1063 2412 mu
1078 2387 1134 2413 ter
1155 2377 1203 2413 sit
1225 2388 1319 2423 quae
1341 2377 1599 2413 monasterium
1621 2376 1830 2419 intraverit,
1859 2376 1967 2412 simili
1989 2375 2096 2412 modo
2121 2377 2275 2412 maritus
2294 2387 2350 2414 re-

119 2423 230 2459 tineat
253 2421 484 2457 donationem
509 2421 707 2468 nuptialem
730 2426 767 2458 et
788 2432 838 2458 ex
861 2421 943 2458 dote
966 2421 1066 2468 quod
1086 2422 1125 2458 in
1148 2433 1271 2458 casum
1294 2422 1422 2458 mortis
1444 2421 1605 2458 mulieris
1628 2426 1742 2469 pacto
1766 2426 2005 2463 conveneram
2042 2425 2151 2472 atque
2173 2421 2350 2468 reliquam

112 2472 259 2515 partem
282 2467 379 2503 dotis
402 2467 544 2502 mulieri
566 2477 646 2502 eum
669 2467 858 2503 restituere
879 2466 1052 2510 iubemus,
1075 2471 1112 2504 et
1128 2468 1161 2503 si
1181 2467 1271 2513 quid
1291 2467 1393 2503 aliud
1414 2478 1464 2503 ex
1482 2467 1590 2503 rebus
1611 2467 1772 2503 mulieris
1794 2478 1818 2502 a
1847 2466 1897 2503 ud
1917 2477 1996 2503 eum
2017 2467 2136 2513 sumt
2157 2466 2348 2503 inventum.

118 2512 253 2556 Quodsi
286 2518 436 2558 uterque
474 2513 584 2548 vitam
619 2511 867 2548 monachicam
902 2512 1032 2558 eligat,
1073 2512 1236 2549 iubemus
1273 2512 1495 2549 cessantibus
1559 2512 1651 2548 actis
1691 2512 1808 2548 dotali
1830 2522 1874 2548 us
1911 2511 2082 2548 maritum
2121 2510 2350 2548 donationem

118 2557 315 2604 nuptialem
338 2558 492 2593 retinere
515 2562 550 2593 et
573 2557 756 2593 mulierem
779 2557 897 2594 dotem
919 2568 1023 2594 suam
1044 2559 1122 2594 reci
1147 2569 1207 2594 ere
1230 2562 1265 2594 et
1282 2558 1317 2594 si
1334 2558 1422 2604 quid
1441 2558 1517 2593 aliu
1566 2557 1643 2594 viro
1661 2557 1802 2593 dedisse
1817 2555 2006 2604 probetur,
2036 2559 2079 2592 ut
2103 2567 2198 2592 nnus
2223 2558 2351 2604 uisque

118 2604 195 2638 sine
218 2602 429 2638 detrimento
452 2602 560 2638 rebus
581 2602 658 2638 suis
678 2602 833 2648 fruatur
841 2615 856 2645 ‚·
889 2603 960 2638 nisi
983 2602 1073 2649 quid
1117 2606 1194 2640 orte
1215 2613 1373 2650 sponsus
1395 2613 1552 2651 sponsae
1574 2602 1630 2639 vel
1650 2613 1788 2650 sponsa
1809 2612 1947 2649 sponso
1970 2600 2028 2638 vel
2048 2602 2104 2638 vir
2126 2612 2186 2638 mu
2201 2602 2269 2638 ieri
2297 2601 2352 2639 vel

118 2648 246 2683 mulier
270 2648 347 2682 viro
372 2647 511 2683 donare
534 2647 592 2683 vel
612 2647 807 2684 concedere
830 2648 993 2684 voluerit.
1421 2692 1424 2694 ,

253 2692 346 2727 XLI.
396 2692 542 2727 Nullam
567 2697 686 2728 autem
707 2697 924 2739 potestatem
947 2693 1076 2728 damus
1102 2693 1159 2730 vel
1179 2693 1394 2741 parentibus
1417 2692 1549 2729 liberos
1575 2703 1662 2728 suos
1691 2692 1750 2728 vel
1778 2692 1900 2728 liberis
1920 2695 2097 2739 parentes
2127 2691 2349 2729 saecularem

189 2773 206 2806 1
232 2770 347 2814 νόμον
366 2770 487 2811 MLB]
510 2770 579 2804 τὸν
602 2771 719 2816 νόμον
744 2773 781 2812 S,
808 2785 877 2806 cum
893 2773 1079 2816 Scrimqero
1099 2775 1200 2815 vulo„
1268 2771 1338 2815 τὴν
1357 2772 1408 2806 Bt
1430 2772 1443 2816 11
1459 2767 1731 2816 ἀναλαμβάνειν
1747 2773 1776 2806 S
1792 2771 1805 2814 11
1821 2773 1882 2804 καὶ
1906 2782 1962 2804 om.
1979 2771 2028 2803 B‘
2044 2770 2058 2814 11
2076 2771 2118 2805 28
2136 2771 2269 2814 ζημίαν
2284 2771 2332 2804 M
2338 2771 2351 2815 11

118 2817 209 2859 leges
223 2828 243 2853 ς·
260 2816 272 2859 ΙΙ
313 2817 479 2858 ενομένῃς
492 2816 573 2850 SR!
588 2816 600 2859 11
616 2818 636 2850 2
651 2815 811 2850 εἰσέλθοι
824 2819 853 2852 S
858 2830 890 2851 v.
902 2818 934 2859 l.‚
947 2818 1033 2852 LB⁶
1052 2813 1200 2864 ἀπέλθῃ
1270 2819 1312 2852 29
1337 2817 1479 2851 οἰκείων
1501 2816 1680 2852 Numae-dm
1697 2819 1709 2860 11
1732 2812 1928 2851 ἀπολαύσει
1949 2816 2022 2849 Ecl.
2057 2811 2222 2868 ἀπρλαύη
2237 2817 2268 2850 L
2285 2815 2298 2860 11
2314 2812 2351 2858 ὁ]

119 2863 191 2896 Ecl.
211 2828 449 2906 114ὁζδόμενα
474 2862 541 2894 Sv.
556 2862 589 2902 l.,
605 2862 678 2895 Ecl.
698 2859 747 2905 1Ιὴ
774 2874 831 2896 om.
845 2862 898 2896 B!
918 2862 932 2907 11
959 2865 979 2897 5
1000 2861 1201 2904 έπιλέξεται
1275 2859 1292 2871 ’⁸
1315 2860 1335 2896 ὁ
1362 2864 1390 2896 S
1404 2863 1416 2908 11
1444 2865 1487 2897 30
1510 2861 1580 2905 τὴν
1600 2861 1765 2906 μνηστὴν
1789 2862 1832 2895 Μ
1854 2862 1867 2905 11
1889 2862 1934 2895 32
1956 2858 2123 2907 βουληθῃ
2147 2861 2215 2895 Su.
2230 2862 2251 2894 l.
2269 2860 2284 2905 11
2306 2863 2350 2896 33

119 2908 193 2941 Ecl·
228 2904 423 2947 ἔξελὲξεϊαι
447 2906 600 2939 Nomoc.‘¹
623 2907 636 2950 11
659 2906 757 2950 μόνα
781 2907 832 2941 B!
853 2907 866 2946 ΙΙ
895 2904 1094 2942 ἐπιδιδότω
1120 2908 1172 2942 Rs
1190 2907 1202 2951 11
1268 2875 1416 2952 δίδομεν
1439 2921 1498 2942 om.
1512 2908 1565 2941 B‘
1576 2907 1767 2948 N0n100.·¹m‚
1787 2913 1863 2950 post
1884 2908 2010 2952 γονέας
2033 2907 2077 2940 34
2101 2905 2239 2939 coll-B!

108 2949 145 2985 *a*
164 2952 237 2986 Ecl.
265 2952 282 3006 11
301 2948 410 2985 ἅτινα
434 2946 663 2995 ἀρραβώνων
684 2948 841 2995 ὀνόματι
861 2948 995 2994 ὁμοίως
1011 2954 1063 2987 B⁶
1091 2949 1201 2998 ἀρρα-

119 2998 247 3041 βόνων
262 2995 419 3040 ονόματι
435 2991 544 3029 ἅτινα
560 2993 693 3039 ὁμοίως
709 2999 758 3030 Bt
772 2998 784 3041 11
809 2999 829 3032 8
853 2998 918 3031 τοῦ
958 2998 1050 3042 άμου
1066 2998 1121 3032 ἔτι
1142 2998 1202 3041 ΒΓ,

119 3042 174 3077 ἔτι
199 3055 257 3077 orn.
272 3043 301 3076 S
317 3041 329 3083 11
354 3039 374 3074 ὖ
401 3036 494 3085 ἀνὴρ
516 3041 627 3074 MLB
643 3042 829 3082 (Nomoc.L
843 3044 902 3084 tit.)
941 3045 998 3084 aL]
1023 3040 1045 3085 ἢ
1065 3040 1085 3077 ὁ
1111 3039 1202 3088 ἀνὴρ
1327 3043 1347 3077 3
1370 3051 1433 3084 pro
1455 3052 1512 3074 om.
1535 3039 1594 3085 Ῐῖ11
1620 3041 1796 3073 archarum
1819 3038 1868 3073 T¹
1903 3038 2077 3072 arrharum
2094 3038 2151 3079 (id.
2171 3039 2204 3079 5)
2227 3039 2315 3083 vulq.
2336 3038 2352 3105 u

120 3091 178 3125 Se
201 3088 213 3131 11
237 3091 258 3123 9
281 3086 376 3131 μόνη
401 3099 459 3120 οηι.
476 3084 529 3119 ΒΓ
554 3086 567 3129 11
595 3085 735 3130 εἰςέλθη
760 3085 926 3127 (εἰσέλθοι
946 3089 996 3131 L,
1021 3089 1154 3123 Nomoc.
1170 3090 1202 3122 L
1270 3089 1291 3122 4
1315 3097 1467 3129 sponsam
1490 3085 1699 3118 monachiam
1725 3084 1777 3118 Τι
1792 3083 1806 3128 11
1824 3086 1844 3117 5
1869 3093 1953 3125 quae
1971 3102 2012 3108 —
2029 3085 2050 3117 6
2067 3083 2276 3135 concedenda
2300 3085 2332 3117 V

120 3136 181 3176 tit.)
214 3133 261 3167 etc
283 3132 326 3167 τὸ
352 3130 407 3173 (τὸ
430 3144 487 3165 om.
510 3132 578 3164 δυ.
592 3134 628 3174 1.)
657 3123 900 3176 μοναστήριον
919 3133 986 3167 SL
1022 3133 1069 3167 εἰς
1090 3146 1202 3178 μονα·
1270 3134 1303 3166 in
1317 3144 1384 3165 ras.
1403 3131 1416 3175 11
1431 3130 1585 3164 similiter
1609 3141 1665 3163 om.
1684 3129 1756 3180 V(²)
1774 3129 1787 3172 11
1803 3138 1954 3181 arearum
1965 3129 2006 3182 ‘T
2013 3128 2024 3150 ¹
2040 3128 2052 3171 ΙΙ
2071 3130 2091 3162 6
2106 3131 2231 3181 recepi-t
2252 3128 2328 3182 1⁷1²)
2338 3128 2352 3174 11

120 3175 269 3223 στήριον
284 3173 604 3220 εἰςέλθη(εἰεέλθοι
617 3177 685 3219 ΒΓ)
704 3178 738 3209 Β
751 3178 913 3210 Numae-”¹
937 3177 949 3221 11
969 3180 1008 3213 10
1027 3175 1109 3220 δίχα
1126 3176 1202 3212 δια-
1270 3179 1291 3212 9
1314 3176 1384 3210 sola
1407 3186 1491 3209 uxor
1511 3176 1544 3209 V
1561 3175 1573 3217 ΙΙ
1602 3177 1638 3209 11
1665 3176 1843 3217 perciperit
1869 3173 1921 3206 T¹
1944 3175 2001 3215 (td.
2014 3175 2067 3215 14)
2083 3173 2095 3218 ΙΙ
2125 3175 2165 3208 12
2188 3176 2252 3215 vir]
2276 3185 2351 3208 iure

121 3226 239 3270 ζυγίου
256 3224 326 3257 LB
344 3223 357 3267 11
381 3212 420 3257 11
442 3222 490 3256 εἰς
507 3220 549 3255 τὸ
563 3219 808 3266 μοναστήριον
824 3221 877 3255 B!
889 3223 1050 3256 Nemeam
1084 3224 1125 3256 ἐν
1147 3224 1203 3266 τῷ
1270 3223 1304 3256 R
1320 3221 1332 3264 11
1352 3223 1393 3256 13
1406 3222 1491 3264 post]
1515 3220 1620 3262 ipsius
1634 3218 1712 3261 T²fl
1730 3218 1823 3260 quid]
1848 3218 1981 3260 quidem
1997 3219 2046 3271 T}
2064 3218 2077 3262 11
2097 3220 2138 3254 14
2151 3218 2286 3253 datione
2300 3218 2351 3264 Τ11

119 3271 350 3313 μοναστηρίῳ
369 3269 397 3302 S
411 3267 424 3311 11
441 3265 485 3301 τὸ
507 3279 566 3301 om.
584 3268 613 3301 S
626 3268 772 3310 plerique
789 3267 802 3310 11
819 3267 937 3310 σχῆμα
953 3268 1030 3301 ΜΒ
1038 3270 1068 3308 ς]
1093 3280 1203 3310 μονα-
1271 3268 1365 3300 tanta
1387 3267 1417 3299 V
1430 3265 1443 3309 11
1461 3267 1500 3299 15
1519 3266 1677 3306 quantam
1693 3264 1762 3297 ΒΤ
1774 3263 1787 3307 11
1810 3266 1845 3297 17
1867 3266 2103 3315 monasterium
2123 3265 2251 3308 Tvulq.
2268 3264 2283 3308 Ι
2308 3265 2348 3299 18

119 3314 222 3357 χικὸν
245 3315 364 3358 σχῆμα
388 3313 447 3347 SL
460 3313 549 3357 vulq.
578 3312 592 3356 11
618 3311 713 3359 λάβῃ
733 3313 852 3353 MSB]
884 3310 991 3355 λάβοι
1012 3313 1054 3353 L,
1068 3313 1201 3347 Nomoc.
1270 3313 1381 3344 teneat
1407 3310 1459 3344 T¹
1477 3310 1490 3353 11
1506 3310 1558 3342 vir
1581 3320 1636 3343 om.
1653 3308 1703 3342 Τι
1721 3308 1733 3353 11
1759 3311 1801 3343 20
1825 3309 1975 3359 xnulieris
2001 3309 2048 3342 Τι
2085 3319 2124 3342 ex
2147 3311 2253 3342 morte
2276 3319 2349 3343 mu-

121 3362 151 3393 L
167 3362 212 3394 tit.
228 3359 241 3401 11
263 3362 303 3394 12
327 3356 528 3398 ἐπιλέξεται
545 3358 592 3400 Β,
617 3359 733 3391 ἐκεῖνα
748 3357 864 3399 μόνον
887 3353 1100 3391 ἀποδιδότω
1125 3359 1202 3391 add.
1271 3357 1346 3390 lieri
1364 3356 1395 3389 R
1412 3354 1424 3398 ΙΙ
1442 3357 1475 3387 et
1499 3366 1554 3388 om.
1573 3355 1604 3388 T
1619 3356 1630 3396 11
1647 3355 1689 3388 23
1714 3354 1912 3387 uocantibus
1937 3355 1969 3388 Τ
1979 3354 1989 3374 ¹
2005 3354 2018 3397 11
2035 3354 2166 3397 placitis
2190 3367 2248 3388 om.
2264 3354 2316 3388 Τι
2337 3354 2350 3397 11

122 3407 171 3438 La
185 3407 237 3446 (ex
251 3418 282 3438 ν.
297 3407 330 3446 5)
355 3405 367 3447 11
386 3399 713 3438 ἆποκαθιστάσθω
738 3403 769 3436 L
792 3402 805 3447 11
834 3404 873 3436 13
898 3404 958 3435 καὶ
979 3401 1048 3444 τὴν
1072 3405 1203 3447 προῖκα
1271 3411 1385 3435 uerum
1411 3401 1443 3433 T
1451 3400 1461 3420 ¹
1478 3400 1491 3443 11
1516 3401 1557 3434 28
1582 3399 1702 3433 marito
1726 3410 1782 3433 om,
1805 3399 1867 3441 V¹‚
1891 3400 1967 3433 uiro
1987 3399 2038 3433 V³
2056 3399 2209 3442 [loedere]
2233 3409 2348 3432 conce-

121 3451 164 3491 τῆ
189 3451 332 3496 γυναικὶ
355 3452 414 3482 καὶ
431 3450 460 3482 S
482 3448 618 3482 mulieri
637 3451 713 3493 post
731 3448 840 3482 dotem
858 3448 955 3480 etiam
977 3459 996 3483 ς
1013 3447 1025 3490 11
1046 3449 1086 3481 14
1110 3443 1201 3492 παρ’
1270 3447 1347 3480 dere
1361 3445 1451 3479 R’T
1458 3445 1530 3486 2(ως
1538 3446 1603 3478 Iul.
1611 3445 1640 3487 Τ)
1660 3445 1880 3486 ”nunquid
1893 3444 1940 3478 Ιέι
1958 3444 1970 3488 11
1987 3445 2030 3479 29
2044 3444 2199 3486 voluerit]
2215 3443 2349 3486 quando

122 3486 230 3536 α’ῧτῆς
256 3496 284 3527 S
299 3496 311 3538 11
328 3494 437 3528 τοῦτο
462 3494 512 3527 Bt
533 3494 546 3533 ll
566 3496 608 3529 16
630 3492 723 3528 κατὰ
747 3494 850 3528 oin-S
856 3494 1004 3537 plerique
1020 3492 1032 3535 11
1054 3494 1092 3527 17
1118 3503 1203 3534 συμ-
1269 3494 1343 3535 (pro
1367 3491 1635 3542 quandoquidem
1660 3491 1693 3524 T
1710 3491 1868 3542 akob-in
1892 3493 2008 3542 marg.)
2038 3499 2145 3542 neq-ue
2174 3500 2213 3523 ex
2242 3488 2348 3541 pactis

123 3540 323 3585 φεοόμενον
340 3540 368 3573 S
380 3553 407 3572 υ.
419 3543 437 3574 1.
456 3539 468 3583 11
485 3535 507 3582 ἡ
525 3552 583 3573 om.
597 3540 710 3582 Sv.1.,
725 3540 754 3573 L
773 3538 786 3583 11
803 3540 845 3573 18
867 3535 912 3572 τὸ
933 3551 990 3571 om.
1005 3537 1166 3572 Nomoc.m
1271 3535 1480 3579 nuptialibus
1503 3546 1578 3569 uiro
1609 3538 1668 3569 aut
1691 3535 1825 3568 mulieri
1848 3534 1973 3569 lucrari
2003 3535 2132 3577 ahquld
2155 3534 2348 3568 oonoeditnr

123 3573 284 3619 ἐλθοῦσα
307 3585 461 3619 Νονιιοε.ιι
477 3585 489 3629 11
507 3586 548 3619 20
572 3583 684 3619 κάσον
705 3587 734 3619 S
745 3584 817 3618 Ecl.
834 3582 847 3628 11
864 3580 945 3625 τὸν]
969 3584 1028 3615 καὶ
1047 3581 1117 3616 τὸν
1137 3583 1168 3615 L
1199 3537 1205 3629 1
1271 3583 1348 3616 aad.
1364 3583 1450 3621 libri,
1466 3582 1567 3624 υιιὶ9.;
1584 3582 1745 3625 ylossema
1760 3588 1862 3614 ortum
1878 3594 1917 3615 ex
1931 3582 2063 3615 rubrica
2079 3582 2197 3623 capitis
2213 3581 2246 3613 in
2262 3591 2348 3613 mar·

124 3633 162 3664 21
182 3633 242 3663 καὶ
258 3629 301 3664 τὸ
319 3628 460 3670 λοιπὸν]
485 3630 651 3672 reliquum
668 3642 745 3664 voro
765 3642 783 3666 ς
800 3629 813 3673 11
831 3629 874 3663 22
893 3626 1082 3671 κελεύομεν
1094 3629 1166 3661 Ecl.
1192 3630 1203 3670 ΙΙ
1268 3629 1343 3671 qine
1368 3628 1525 3660 adnotata
1541 3626 1552 3669 ΙΙ
1572 3628 1615 3661 34
1638 3626 1820 3660 saeculares
1842 3627 1875 3660 T
1881 3626 1892 3647 ¹
1908 3626 1921 3670 11
1940 3626 1965 3661 8
1977 3627 2049 3669 (τῖε.
2064 3625 2257 3667 seeundum)
2273 3625 2348 3659 tan·

123 3675 160 3708 εἴ
177 3678 226 3717 τι]
249 3674 285 3709 εἴ
302 3687 340 3709 τι
363 3672 410 3709 ἀν
434 3676 466 3709 L
483 3676 495 3719 ΙΙ
514 3677 555 3710 23
580 3673 714 3723 εὑρεθῇ
740 3677 768 3710 S
778 3673 954 3719 pleriquefl
973 3675 1013 3708 27
1039 3672 1119 3716 τὴν]
1143 3675 1202 3707 καὶ
1270 3675 1318 3707 tes
1340 3672 1402 3715 13¹,
1425 3674 1588 3706 sectantes
1612 3674 1644 3704 et
1667 3673 1785 3706 seclusi
