2592 3840
208 91 317 141 Nov.
344 91 403 138 VI
434 93 542 136 3-5
1284 84 1339 132 42

209 205 348 243 λιῦοντι
382 208 599 258 παρασταίη.
651 201 804 244 Ἐξέστω
837 204 960 246 μέντοι
994 202 1067 234 τοῖς
1098 197 1277 242 δεομένοις

1688 96 1902 135 QUOMODO
1931 96 2167 130 OPORTEAT
2193 99 2427 133 EPISCOPOS

1343 208 1426 233 mox
1450 207 1556 241 quam
1579 196 1768 243 imperanti
1792 195 2007 232 adstiterint.
2048 196 2174 234 Liceat
2197 198 2339 245 quidem
2362 209 2425 245 pe-

209 250 414 288 ίπισκὸποις
444 252 503 285 καὶ
535 247 594 283 δια
624 250 701 282 τῶν
731 246 962 291 καλουμένων
990 241 1276 298 ῥεφερενδαρίων
1344 242 1501 277 tentibus
1526 242 1702 287 episcopis
1733 245 1770 277 et
1788 250 1863 294 ,pe-r
1885 251 1948 278 eos
1981 242 2042 286 qui
2071 249 2245 280 vocantur
2260 244 2424 281 referen-

207 299 269 341 τῆς
291 294 489 344 ἁγιωτάτης
515 292 666 341 μεγάλης
689 291 871 335 ἐκκλησίας
893 289 916 334 ἢ
938 288 997 324 διὰ
1023 302 1102 343 ’ζων
1132 285 1275 341 caligass-

208 342 353 377 στάτων
376 338 659 393 ἂποκρισιαρίων
677 337 756 374 τῶν
778 335 923 379 ἑκάστης
944 333 1147 377 ὃιοικησεως
1169 346 1275 380 αγιω-

1346 286 1437 322 darii
1460 287 1704 322 sanctissimae
1727 295 1873 321 maioris
1898 286 2072 323 ecclesiae
2098 292 2163 323 aut
2190 298 2255 334 per
2286 289 2427 335 religio-

1346 343 1405 367 sos
1435 332 1674 377 apocrisarios
1707 331 1879 375 cuiusque
1911 331 2095 368 dioceseos
2121 333 2428 371 sanctissimorum

207 386 331 422 roi-rane
354 398 588 431 πατριαρχων
618 384 810 429 αναφὲρειν
838 382 881 428 τῇ
911 378 1077 425 βασιλείᾳ
1105 381 1164 413 καὶ
1195 392 1275 426 wy-
1313 382 1331 414 5
1345 377 1631 423 patriarcharum
1666 385 1856 430 suggerere
1887 386 1926 412 se
1947 377 2127 431 imperio,
2164 381 2202 433 et
2233 381 2427 433 promereri

207 430 330 475 χάνειν
353 429 571 476 ἀποκρίσεως
602 427 796 472 συντόμου,
830 423 915 460 ὦςτε
947 422 1074 459 αὐτοὺς
1103 421 1126 467 ἢ
1154 421 1277 458 δίκαια
1345 432 1556 475 responsum
1580 422 1754 475 celeriter,
1779 425 1821 456 ut
1844 424 1909 457 aut
1927 432 1958 458 s1
1967 425 2071 476 ‘iusta
2094 424 2141 476 ab
2164 434 2313 469 imperio
2335 427 2427 470 petl-

208 476 307 522 παρὰ
341 477 402 519 τῆς
435 473 616 519 βασιλείας
652 473 836 507 αἰτοῦντας
870 471 985 504 ταῦτα
1023 467 1221 514 λαμβάνειν
1256 468 1278 511 ἢ
1346 470 1455 509 eunt,
1492 467 1580 502 haec
1612 470 1810 512 accipiant,
1846 471 1910 502 aut
1945 478 1978 504 s1
2012 479 2084 504 non
2113 471 2210 505 iusta
2239 473 2427 515 quaerunt,

207 520 315 556 αδικα
339 524 533 564 ζητουντας
557 519 696 553 θᾶττον
719 513 895 557 ἀναλύειν,
927 511 1020 549 ὅθεν
1049 516 1108 547 καὶ
1131 516 1279 561 παρεγέ-

207 579 326 601 νοντο.

1348 512 1519 548 velociter
1543 515 1776 556 revertantur,
1801 511 1896 548 unde
1918 513 2073 558 profecti
2095 518 2190 551 sunt.

1189 603 1352 639 CAPUT·
1375 603 1435 639 IV.

255 670 296 713 Ιῖ
359 679 476 712 Ταῦτα
520 679 578 711 ἐπὶ
617 678 688 709 τοῖς
731 669 1022 718 θεοφιλεστάτοις
1070 673 1277 708 ἐπισκοποιε
1293 674 1332 706 10
1390 670 1490 706 Haec
1524 671 1567 706 de
1598 670 1664 706 deo
1697 670 1910 707 amabilibus
1942 671 2120 726 episcopis
2151 672 2349 710 secundum
2372 672 2427 710 di-

207 722 297 757 κατά
329 722 409 756 τούς
440 722 559 756 θείους
588 717 738 754 κανόνας
762 716 991 758 διατάξαντες
1019 720 1079 751 καὶ
1102 716 1184 751 τοὺς
1206 713 1272 751 ὑπ’

207 765 333 802 αὐτοὺς
363 765 637 811 σύλαβεστάτους
668 762 847 810 κληρικούς
875 761 965 807 μετὰ
995 760 1161 805 πλείστης
1191 758 1275 805 ὅσης

206 813 377 859 γίνεσθαι
414 809 587 855 ζητήσεως
627 808 717 844 κατὰ
756 807 837 842 τοὺς
879 806 990 855 ἱεροὺς
1026 805 1179 842 κανόνας
1217 810 1276 840 καὶ

206 860 534 903 μεμαρτυρημένους
565 853 695 899 ἄνδρας
723 853 1008 907 χειροτονεῖσθαι
1039 853 1275 897 θεσπίζομεν,

1346 716 1444 751 vinas
1462 716 1603 760 regulas
1625 716 1896 758 constituentes,
1918 720 1955 752 et
1971 716 2157 762 religiosos
2178 718 2328 755 clericos
2347 729 2428 755 cum

1345 762 1456 796 multa
1490 760 1568 797 fieri
1602 760 1832 806 inquisitione
1868 761 2064 797 secundum
2102 762 2239 799 divinas
2274 763 2427 810 regulas,

1346 810 1382 841 et
1413 806 1500 841 boni
1531 806 1727 842 testimonii
1749 806 1844 842 viros
1870 807 2029 843 ordinari
2059 808 2258 854 sancimus,
2290 809 2427 846 litteras

1345 851 1545 888 omnimodo
1588 852 1741 887 scientes
1786 851 1971 896 [eruditos]
2019 853 2233 891 constitutos
2256 853 2426 898 (litteras

206 915 425 949 γραμματων
457 904 635 936 παντοίως
667 901 905 943 έπιστημονας
929 897 1051 932 ὄντας·
1083 896 1276 950 γράμματα
1291 901 1330 933 15
1345 897 1438 932 enim
1461 896 1684 949 ignorantem
1709 897 1851 951 omnino
1875 897 2038 933 volumus
2061 908 2177 944 neque
2199 910 2311 954 unum
2332 898 2427 936 ordi-

204 949 250 994 γὰ
307 945 503 993 ἀγνοοῦντα
532 942 716 979 παντελῶς
746 940 786 977 οὖ
820 941 1028 988 βουλόμεθα
1059 946 1100 977 ἐν
1129 941 1275 988 οὐδεμιᾳ
1344 953 1424 978 nem
1449 942 1671 985 clamorum,
1696 942 1862 996 videlicet
1884 943 2174 996 presbyterorum
2197 947 2235 981 et
2258 943 2427 982 dlaconu-

206 961 301 1033 τάξει
335 990 498 1038 κληρικόν
528 990 637 1024 εἶναι·
670 986 806 1043 δηλαδὴ
822 989 914 1044 ἱτῶν
936 1000 965 1023 π
988 990 1192 1033 εσβυτέρων
1216 991 1275 1022 καὶ
1343 999 1439 1041 rum,
1473 991 1545 1023 tam
1577 998 1703 1024 sacras
1735 992 1915 1024 orationes
1945 987 2149 1025 docentium
2175 1000 2283 1036 quam
2312 989 2427 1027 eccle-

206 1039 281 1072 τῶν
304 1034 482 1070 διακόνων
514 1035 575 1069 τάς
603 1047 643 1069 τε
674 1034 766 1081 ἱερας
798 1032 898 1087 ευχάς
928 1031 963 1068 δι
989 1037 1199 1078 ασκομένων
1229 1031 1275 1067 τά

1345 1043 1478 1070 siarum
1497 1043 1674 1069 canonum
1698 1033 1889 1078 legentium
1912 1033 2049 1077 libros),
2074 1033 2336 1072 ordinationem
2350 1032 2428 1072 sine

206 1096 244 1116 τε
285 1083 362 1115 τῶν
397 1079 698 1124 έκκλησιαστικῶν
739 1091 906 1113 κανονων
947 1077 1275 1127 ἀναγινωσκόντων
1343 1078 1488 1124 querela
1511 1081 1550 1114 et
1570 1078 1825 1125 inculpabilem
1842 1081 1879 1115 et
1902 1079 1979 1116 Sine
2002 1078 2124 1126 aliqua
2147 1079 2428 1118 contradictione

204 1126 327 1171 βιβλία
360 1123 428 1168 τήν
460 1139 499 1160 τε
529 1128 752 1179 χειροτονίαν
788 1123 977 1177 ἄμεμπτόν
1008 1138 1048 1159 τε
1080 1127 1140 1158 καὶ
1175 1121 1274 1159 ἀνεύ-
1288 1128 1329 1161 20
1343 1129 1380 1159 et
1404 1124 1549 1163 datione
1571 1124 1808 1170 pecuniarum
1832 1128 1897 1161 aut
1918 1134 2038 1161 rerum
2059 1124 2308 1179 suscipientes.
2353 1125 2427 1163 Ne·-

205 1173 321 1206 θυνον
348 1174 407 1223 καὶ
438 1169 519 1213 δίχα
547 1181 646 1204 τινος
674 1166 913 1216 ἀντιρρησεως
943 1173 1002 1204 καὶ
1033 1167 1165 1204 δόσεως
1194 1182 1274 1223 χρη-

1343 1179 1413 1214 que
1447 1172 1568 1205 autem
1603 1180 1664 1206 eos
1699 1169 1862 1206 volumus
1894 1170 2036 1206 omnino
2068 1170 2240 1207 officiales
2271 1172 2336 1208 aut
2363 1181 2427 1208 cu-

202 1214 329 1261 μάτων
363 1229 383 1259 η
418 1214 644 1263 πραγμάτων
681 1212 892 1258 δεχομένων.
949 1213 1038 1250 Οὔτε
1073 1213 1113 1249 δὲ
1149 1212 1275 1250 αὖτους
1343 1215 1448 1250 riales
1481 1215 1696 1252 constitutos
1732 1215 1916 1261 suscipere
1951 1215 2231 1260 ordinationem,
2265 1216 2337 1254 nisi
2359 1226 2426 1262 ,ΒΘ-

203 1260 411 1305 βουλόμεθα
442 1259 628 1295 παντελῶς
653 1258 675 1304 ἢ
698 1257 880 1314 ‘caesuras
901 1257 923 1304 ἢ
946 1259 1136 1314 βουλευτὰς
1169 1260 1275 1295 ὄντας

1344 1260 1499 1296 cundum
1533 1260 1647 1306 leges,
1690 1271 1781 1306 quas
1817 1271 1926 1307 super
1959 1261 2016 1298 his
2049 1261 2236 1307 posuimus
2278 1257 2425 1308 pridem.

203 1305 374 1349 δέχεσθαι
409 1304 477 1350 τὴν
506 1310 739 1353 χειροτονίαν,
775 1306 806 1339 εἰ
835 1319 885 1350 μη
915 1319 1006 1340 κατα
1036 1317 1116 1340 τους
1147 1304 1275 1350 νόμους
1343 1316 1430 1351 quas
1454 1309 1490 1342 et
1507 1317 1604 1342 nuno
1628 1306 1897 1352 confirmamu83
1922 1310 1959 1342 et
1981 1307 2081 1353 ipsos
2103 1311 2222 1343 nutem
2244 1307 2427 1344 ordinatos

203 1349 260 1386 οὓς
289 1348 379 1399 ὑπὲρ
410 1350 552 1386 τούτων
582 1348 767 1395 ἐθήκαμεν
797 1352 823 1384 ε’
843 1351 1019 1397 προσθεν,
1052 1347 1110 1385 οὓς
1143 1349 1188 1395 δὴ
1215 1354 1274 1385 καὶ
1288 1355 1328 1387 25
1344 1361 1448 1387 sacra
1476 1356 1674 1398 praecepta
1702 1352 1742 1388 in
1775 1356 1972 1398 conspectu
2006 1351 2118 1389 totius
2153 1351 2280 1399 populi
2313 1351 2427 1390 susci·

203 1398 275 1449 νῦν
292 1397 526 1441 βεβαιοῦμεν·
556 1399 617 1430 καὶ
646 1393 773 1431 αὐτοὺς
826 1397 844 1429 ὲ
872 1399 1199 1444 χειροτονουμένους
1229 1395 1275 1431 τὰ
1342 1406 1446 1442 pere,
1477 1401 1626 1450 propter
1654 1398 1721 1433 has
1751 1397 1850 1443 ipsas
1881 1408 2028 1441 causas,
2058 1402 2208 1451 propter
2237 1407 2328 1452 quas
2357 1398 2428 1436 hoc

204 1442 281 1521 lega
305 1440 583 1496 παραγγέλματα
615 1440 751 1476 παντὸς
780 1442 947 1476 ἐναντίον
977 1443 1041 1476 τοῦ
1071 1442 1157 1496 λαοῦ
1182 1440 1274 1485 δέχε-

204 1499 226 1521 σ

1342 1443 1459 1488 ipsum
1489 1453 1547 1488 agi
1577 1446 1614 1479 et
1644 1453 1753 1489 super
1778 1442 1845 1480 deo
1869 1443 2083 1479 amabilibus
2108 1453 2286 1490 episeopis
2308 1443 2427 1481 sanci·

259 1500 306 1530 αι,
330 1485 390 1521 διὰ
413 1498 474 1521 τας
498 1498 604 1521 αυτας
627 1487 751 1528 αἰτίας,
776 1484 825 1520 δι’
853 1484 892 1521 ἃς
914 1488 1021 1522 τοῦτο
1043 1487 1275 1535 πραττεσθαι
1343 1488 1467 1523 vimus.

203 1535 263 1566 καὶ
293 1534 355 1567 ἐπὶ
379 1533 457 1566 τῶν
487 1530 782 1577 θεοφιλεστάτων
817 1533 1027 1568 ἐπισκόπων
1058 1530 1274 1578 ἐνομοθετή-

203 1589 333 1622 σαμεν·

1195 1668 1351 1706 CAPUT
1377 1670 1421 1705 V.

247 1727 324 1782 (ΤΞ)
351 1735 439 1781 μήτε
463 1734 502 1771 δὲ
523 1735 590 1771 τὸν
609 1732 787 1792 δευτεᾷρους
808 1738 937 1791 ἔχοντα
954 1734 1085 1784 γάμους
1102 1733 1272 1781 ἢσχόντα

203 1781 486 1830 χειροτονεῖσθαι
509 1780 676 1817 διάκονον
698 1796 720 1826 η
749 1786 1002 1829 πρεσβυτερον,
1032 1782 1123 1828 μήτε
1153 1783 1184 1817 εἰ

204 1828 299 1861 vaani
333 1830 525 1882 συνοικοίη,
542 1825 765 1875 διεζευγμένῃ
800 1830 859 1861 καὶ
894 1826 959 1862 τὸν
993 1828 1121 1862 οἰκεῖον
1156 1827 1203 1864 ἄν
1227 1842 1272 1877 ρα

1383 1737 1510 1782 Neque
1543 1741 1664 1774 autem
1699 1738 1876 1775 secundas
1907 1738 2116 1783 habentem,
2151 1742 2216 1775 aut
2249 1748 2330 1775 eum
2365 1737 2425 1784 qui

1259 1802 1271 1810 ·
1339 1783 1483 1827 habuit,
1508 1783 1654 1829 nuptias
1679 1783 1838 1820 ordinari
1862 1784 2055 1821 diaconum
2078 1787 2143 1820 aut
2165 1784 2425 1832 presbyterum,

1340 1839 1455 1882 neque
1478 1829 1511 1865 si
1533 1829 1673 1865 mulieri
1698 1829 1937 1875 coniungatur
1959 1830 2143 1866 seiunctae
2174 1833 2211 1865 et
2240 1828 2426 1876 proprium

203 1869 460 1919 καταλιπούσῃ,
479 1886 567 1917 μητε
589 1873 621 1906 εἰ
643 1871 828 1916 παλλακὴν
848 1873 936 1916 ἔχοι·
960 1870 1049 1907 ἀλλὰ
1068 1876 1127 1907 καὶ
1149 1872 1274 1909 αὐτοὺς
1341 1885 1455 1910 virum
1487 1874 1764 1920 derelinquenti,
1799 1885 1917 1921 neque
1949 1875 1980 1911 si
2016 1875 2252 1912 concubinam
2281 1874 2425 1918 habeat,

204 1914 225 1960 ἣ
246 1915 336 1961 μετὰ
358 1916 591 1963 σωφροσύνης
615 1918 753 1960 ζῶντας
776 1916 797 1962 ἢ
815 1921 985 1965 γαμεταῖς
1007 1916 1047 1953 οὗ
1073 1920 1272 1954 συνοικοῦν-
1287 1922 1329 1956 35
1343 1919 1406 1956 sed
1429 1923 1465 1956 et
1492 1920 1609 1966 ipsam
1632 1930 1779 1956 uxorem
1809 1921 1840 1956 si
1863 1931 1944 1956 cum
1969 1921 2135 1957 castitate
2157 1924 2196 1957 et
2217 1930 2262 1957 ex
2283 1919 2424 1966 virgini-

247 1997 320 2029 cap.
342 1986 402 2019 IV
420 1988 622 2020 summarium
644 1987 740 2020 habet
769 1987 847 2021 C'oll.
873 1987 1103 2021 LXXXVII
1118 1990 1214 2032 capit.
1234 1991 1266 2023 4.

247 2043 319 2074 cap.
348 2031 381 2063 V
398 2033 570 2065 summaria
591 2034 708 2065 habent
730 2032 860 2066 Nomoc.
887 2034 916 2065 L
942 2035 989 2066 tit.
1014 2034 1067 2067 27.
1090 2035 1133 2068 26
1157 2035 1210 2075 (ez-
1232 2035 1339 2076 Ath.);
1365 2035 1497 2068 Nomoc.
1522 2035 1626 2069 XIV
1642 2036 1690 2070 tit.
1711 2036 1744 2077 9,
1766 2042 1814 2070 29.

201 2099 388 2144 fruantur,
416 2098 561 2145 quando
585 2099 797 2145 imperatori
823 2099 1014 2146 placuerit.
1062 2100 1187 2137 Liceat
1210 2112 1293 2138 vero
1314 2101 1604 2154 supplicantibus
1627 2102 1810 2150 episcopis
1832 2102 1941 2139 etiam
1960 2113 2035 2150 per
2061 2101 2339 2148 referendarios
2360 2101 2426 2150 qui

203 2147 378 2179 vocantur
399 2143 646 2180 sanctissimae
668 2155 821 2191 maqnae
843 2144 1012 2181 ecclesiae
1034 2144 1091 2181 vel
1106 2157 1179 2193 per
1200 2147 1492 2193 reliqioszssimos
1508 2147 1682 2194 cuiusque
1704 2147 1879 2184 dioecesis
1895 2147 2161 2196 apocrisiarios
2182 2147 2423 2184 sanctissimo-

202 2199 281 2224 rum
297 2188 595 2235 patriarcharum
612 2188 662 2225 ad
676 2189 930 2236 imperatorem
952 2190 1105 2237 referre,
1129 2196 1166 2227 et
1185 2203 1399 2239 responsum
1414 2193 1625 2240 praecisum
1643 2193 1748 2239 ferre
1753 2205 1769 2236 ;
1795 2192 1848 2229 ita
1867 2197 1911 2229 ut
1931 2197 2007 2236 aut,
2030 2193 2064 2229 si
2078 2193 2175 2230 iusta
2198 2191 2244 2229 ab
2268 2193 2424 2241 impera·

204 2236 281 2269 tore
298 2237 435 2279 petant,
459 2245 502 2269 ea
524 2234 725 2281 impetrent,
749 2239 814 2270 aut
830 2235 863 2270 si
884 2236 1020 2271 iniusta
1040 2237 1235 2283 postulent,
1257 2238 1328 2274 cito
1352 2242 1581 2274 revertantur
1602 2238 1698 2274 unde
1720 2242 1903 2275 venerunt.

334 2278 396 2314 IV.
427 2277 604 2322 Quoniam
622 2279 711 2315 haec
733 2279 778 2316 de
800 2279 866 2316 deo
891 2281 1085 2317 carissimis
1107 2282 1289 2330 episcopis
1301 2282 1495 2319 secundum
1509 2294 1638 2320 sacros
1652 2294 1809 2320 canones
1823 2283 2087 2326 constitm'mus,
2101 2283 2286 2320 sancimus
2301 2283 2423 2326 etiam,

202 2326 243 2358 ut
264 2322 524 2369 reliqiosissimi
547 2324 679 2368 clerIci,
703 2325 766 2371 qui
787 2325 861 2361 illis
882 2325 1032 2362 subiecti
1054 2332 1149 2370 sunt,
1174 2338 1253 2364 cum
1273 2328 1508 2375 inquisitione
1531 2339 1641 2376 quam
1663 2328 1941 2376 diliqentissima
1960 2329 2057 2375 fiant
2077 2327 2273 2365 secundum
2295 2338 2425 2365 sacros

203 2378 369 2411 canones,
393 2374 429 2405 et
443 2369 513 2404 viri
536 2369 749 2406 ordinentur
770 2371 923 2417 spectati
947 2371 1080 2452 quique
1099 2372 1302 2409 litterarum
1317 2373 1532 2410 omnimodo
1548 2374 1662 2427 periti
1683 2375 1759 2412 sint
1781 2379 1873 2418 (eum
1888 2374 1995 2418 enim,
2015 2374 2080 2421 qui
2102 2373 2245 2410 litteras
2262 2373 2423 2422 iqnorat,

1012 2429 1035 2452 u

202 2413 240 2447 in
262 2413 361 2449 nullo
378 2414 494 2466 plane
518 2414 644 2451 ordine
662 2415 830 2451 clericum
854 2427 930 2452 esse
952 2428 996 2452 vo

1037 2420 1149 2462 mus),·
1170 2418 1307 2456 scilicet
1321 2423 1364 2455 ut
1381 2419 1586 2472 presbyteri
1607 2423 1645 2456 et
1658 2420 1806 2457 diaconi
1827 2423 1865 2457 et
1880 2430 2009 2456 sacras
2027 2419 2260 2472 precationes
2281 2418 2425 2456 discmt

203 2463 238 2493 et
259 2458 579 2495 ecelestastieorum
603 2470 780 2496 canonum
804 2460 917 2498 libros
945 2461 1070 2542 leqant
1098 2467 1134 2500 et
1164 2463 1428 2501 ordinationem
1460 2464 1810 2512 irreprehensibilem
1834 2469 1944 2518 atque
1975 2476 1998 2501 a
2030 2464 2182 2501 erimine
2203 2474 2355 2502 vacuam
2377 2474 2424 2501 ac

203 2502 280 2538 sine
303 2503 378 2538 ulla
401 2504 655 2541 intercessione
677 2510 713 2542 et
736 2506 916 2553 pecuniae
939 2519 979 2543 ve

1014 2519 1135 2544 rerum
1158 2508 1306 2546 datione
1327 2510 1520 2557 accipiant.
1567 2511 1622 2547 Ac
1643 2522 1760 2564 neque
1783 2522 1846 2547 eos
1867 2522 1930 2558 qui
1961 2509 2144 2557 officiales
2174 2514 2242 2547 aut
2267 2509 2424 2547 maiales

204 2551 289 2582 sunt
311 2548 475 2599 accipere
498 2549 759 2587 ordinativum
782 2551 857 2587 ullo
881 2551 987 2588 modo
1012 2553 1186 2598 volumus,
1210 2554 1282 2590 nisi
1304 2555 1498 2591 secundum
1524 2555 1622 2604 leqes
1645 2556 1691 2592 de
1712 2555 1770 2592 liis
1787 2568 1811 2592 a
1834 2555 1939 2592 nobis
1961 2560 2072 2592 antea
2095 2554 2203 2598 latas,
2227 2565 2322 2603 quas
2343 2554 2423 2603 qm·-

205 2591 282 2627 dem
305 2597 411 2627 etnam
443 2605 537 2630 nunc
567 2605 634 2630 con
662 2607 837 2632 rmamus:
872 2601 907 2632 et
934 2597 1035 2644 ipsos
1065 2609 1144 2634 cum
1178 2599 1406 2644 ordinantur,
1437 2611 1546 2637 sacra
1570 2606 1774 2649 praecepta
1804 2612 1928 2637 coram
1956 2601 2054 2637 omni
2075 2599 2222 2648 populo
2255 2599 2424 2648 accipere

206 2637 250 2672 ob
272 2637 411 2672 easdem
435 2649 579 2681 causas,
605 2651 625 2675 ο
672 2651 763 2686 quas
781 2641 821 2676 id
839 2642 923 2686 fieri
945 2642 1051 2678 etiam
1075 2644 1113 2679 in
1136 2644 1203 2681 deo
1227 2645 1424 2681 carissimis
1447 2647 1629 2694 episcopis
1651 2647 1864 2688 sanximus;

339 2681 381 2718 V.
414 2694 528 2729 neque
546 2684 661 2731 maqis
681 2685 724 2727 is,
747 2686 810 2731 qui
831 2686 1022 2723 secundam
1046 2688 1152 2725 habet
1171 2695 1236 2726 aut
1254 2689 1380 2727 habuit
1396 2702 1563 2734 uxorem,
1587 2692 1765 2729 diaconus
1787 2695 1853 2728 aut
1867 2691 1980 2739 presb
2009 2695 2064 2728 ter
2081 2690 2283 2734 ordinetur,
2306 2701 2353 2728 ne
2379 2701 2424 2727 ue

204 2726 237 2760 si
260 2737 337 2761 cum
361 2738 480 2763 uxore
503 2729 608 2771 vivat,
632 2740 725 2775 quae
748 2731 939 2766 divortium
960 2733 1052 2777 fecit
1071 2738 1107 2770 et
1128 2735 1296 2771 maritum
1318 2746 1423 2771 suum
1446 2736 1648 2790 dereliquit,
1672 2749 1787 2784 neque
1809 2738 1842 2773 si
1865 2748 1908 2773 eo

2004 2737 2103 2772 inam
2124 2735 2278 2778 babeam
2298 2746 2339 2771 se
2387 2741 2424 2772 et

205 2771 276 2818 ipsi
298 2772 331 2807 si
353 2777 417 2807 aut
439 2778 535 2808 caste
558 2774 679 2809 vivunt
702 2779 766 2810 aut
787 2776 965 2811 uxoribus
988 2789 1061 2813 non
1085 2783 1245 2822 utuntur,
1270 2785 1335 2816 aut
1358 2781 1391 2816 si
1413 2782 1476 2828 qui
1499 2793 1608 2818 unius
1630 2783 1763 2819 uxoris
1785 2782 2079 2829 maritus-fuerit
2099 2779 2156 2818 vel
2177 2780 2228 2817 sit
2247 2784 2285 2817 et
2305 2780 2423 2828 ipsius

254 2866 268 2898 1
298 2863 393 2897 ἴστω
415 2866 445 2898 A
472 2864 485 2908 Ι
514 2867 648 2907 μέντοι]
669 2867 800 2908 quidem
825 2880 845 2904 ς
871 2868 883 2911 11
913 2871 932 2903 2
965 2868 1273 2925 ῥαιφερενδαρίων

207 2908 278 2942 ΜΔ
346 2911 366 2943 4
400 2911 487 2962 τῶν]
521 2911 580 2952 τῆς
604 2913 630 2943 A
657 2911 669 2955 11
691 2908 916 2958 ἁγιωτάτων]
950 2915 1028 2947 τῶν
1059 2912 1274 2968 ἁγιωτατων

205 2955 236 2987 Α
263 2953 277 2999 Ι
306 2956 326 2988 6
354 2964 530 2997 συντόμου
553 2955 609 2997 Μ]
634 2955 818 3000 συντόμως
836 2959 918 2998 Ast)
945 2959 957 3002 11
988 2956 1124 3001 αὐτους]
1150 2958 1275 2996 αὐτοὺς

204 2998 272 3042 μὲν
295 2999 323 3032 A
355 2999 367 3041 Ι
397 3002 432 3033 11
468 2999 775 3042 νομοθετήσαντες
797 3004 826 3035 A
855 3002 867 3047 11
896 3001 962 3037 ὑπ’
985 3001 1122 3047 αὐτοὺς]
1144 3020 1201 3041 om.
1225 3006 1275 3050 ς11

209 3046 248 3078 13
271 3043 442 3090 γίνεσθαι
466 3045 525 3086 τῆς
544 3045 719 3087 ζητήσεως
739 3048 766 3079 Α
787 3048 798 3089 11
817 3049 856 3081 15
881 3047 1025 3083 πάντως
1045 3052 1072 3083 A
1090 3052 1102 3093 11
1125 3054 1163 3086 16
1185 3063 1273 3085 παν·

204 3086 315 3122 τελῶς
340 3086 547 3132 βουλόμεθα
579 3087 731 3134 μηδεμιᾶ
755 3093 839 3131 Ate)
867 3093 879 3135 11
915 3096 951 3127 17
988 3093 1165 3140 κληρωτῶν
1189 3100 1240 3132 A:
1264 3097 1275 3144 11

208 3135 248 3167 18
262 3133 339 3166 τῶν
353 3135 476 3177 οηι.ΑΙ
492 3136 530 3168 19
546 3134 992 3180 οοεΙεείιιι-ιιπις12οτἠντε]
1006 3138 1207 3181 τὴνΑς1122
1222 3140 1274 3174 δε·

205 3178 519 3258 nequeumt-‘21:223
532 3177 638 3221 ἢοηίε
651 3180 831 3220 ταξεώτας
845 3195 901 3216 om.
911 3186 962 3220 A:
981 3185 992 3226 ΙΙ
1005 3187 1047 3219 24
1060 3183 1142 3218 τούς
1154 3199 1211 3219 om.
1222 3189 1250 3219 A
1265 3188 1276 3228 11

205 3220 343 3267 νόμους]
366 3226 408 3266 ‘fi
465 3225 515 3258 od.
544 3227 571 3264 1,
597 3233 624 3266 3,
648 3233 681 3258 52
706 3229 779 3267 (531,
804 3235 815 3260 1
837 3229 849 3270 Ι
875 3230 916 3261 25
942 3225 1276 3273 οὓς-ἔμποοσθεν

206 3282 263 3301 om.
283 3271 312 3302 A
329 3270 342 3312 fl
360 3270 401 3303 27
425 3267 561 3303 παντὸς
581 3283 638 3303 om.
651 3271 681 3303 A
697 3271 709 3312 Ι
728 3273 769 3305 28
794 3270 902 3306 αὐτας
916 3292 954 3297 -
968 3263 1196 3319 πράττεσθαι
1218 3290 1263 3308 om

205 3315 234 3346 A
256 3313 269 3357 11
295 3315 337 3348 29
362 3312 689 3357 ἐνομοθετήσαμεν]
721 3317 1050 3361 νενομοθετημένας
1075 3319 1189 3353 αἰτίας
1213 3323 1239 3353 A
1264 3318 1276 3364 11

206 3361 243 3391 31
277 3355 366 3401 μήτε
392 3356 474 3392 τούς
496 3357 678 3405 δευτέρους
700 3360 843 3402 ἔχοντας
867 3363 896 3394 A
923 3363 934 3403 11
958 3365 1000 3396 32
1021 3376 1068 3406 sq.
1094 3361 1277 3398 διακόνους

205 3400 226 3443 ἢ
246 3406 514 3449 πρεσβυτέρους,
532 3402 621 3447 μήτε
638 3405 669 3438 εἰ
688 3405 826 3451 γυναιξὶ
848 3405 1059 3448 συνώκησαν
1080 3405 1273 3454 διεζευγμέ-

206 3458 281 3480 ναις
304 3450 361 3480 καὶ
385 3449 465 3482 τούς
487 3449 633 3483 οἰκείους
651 3447 784 3493 ἄνδρας
807 3449 1099 3492 καταλιπούσαις,
1125 3451 1213 3496 μήτε
1238 3453 1275 3487 δὲ

206 3490 423 3527 παλλακίδας
447 3494 593 3535 ἔχοντας
614 3497 646 3529 Α
672 3495 685 3540 11
709 3497 751 3530 34
775 3493 866 3539 μηδὲ
889 3497 933 3529 Μ
952 3497 965 3540 Ι
987 3499 1028 3531 35
1054 3494 1073 3539 ἢ
1096 3502 1274 3543 γαμεταῖς]

206 3538 265 3567 καὶ
287 3540 455 3581 γαμεταῖς
474 3541 503 3573 Α

256 3627 266 3656 1
295 3626 432 3667 ωο1πιοι
446 3628 493 3660 R·
513 3629 525 3670 11
540 3632 650 3670 quam]
674 3630 805 3671 quidem
826 3631 914 3671 (cum
929 3631 1159 3676 add.V³)V11
1176 3636 1194 3666 3
1219 3637 1276 3666 aut

206 3671 275 3711 per]
299 3681 399 3712 anper
414 3673 445 3705 R
461 3673 473 3717 11
492 3675 510 3706 4
533 3674 626 3706 cuius
645 3685 784 3717 cumque
800 3675 894 3720 RT'
910 3678 926 3709 7
953 3677 980 3708 si
1005 3679 1083 3718 non]
1108 3678 1176 3709 sint·
1206 3680 1248 3710 w
1263 3681 1276 3722 11

1342 2876 1362 2908 9
1386 2876 1546 2917 praefecti
1570 2877 1602 2910 R
1625 2874 1638 2921 11
1667 2877 1707 2910 10
1728 2875 1780 2917 de]
1805 2875 1846 2908 d·
1873 2874 1912 2909 V
1917 2875 1928 2896 ¹
1952 2873 1965 2917 11
1986 2873 2187 2907 amabilibus
2204 2890 2254 2899 -—·
2278 2875 2319 2908 14
2342 2883 2422 2907 con-

1342 2919 1432 2965 stitul
1470 2923 1503 2955 in
1536 2934 1603 2956 ras.
1627 2923 1648 2956 3
1678 2933 1824 2956 versuum
1853 2933 1916 2955 ser.
1942 2919 1993 2954 Β*
2021 2919 2034 2964 11
2070 2922 2105 2954 11
2138 2919 2311 2965 relioglsos
2333 2917 2374 2953 V
2375 2918 2389 2940 ¹
2409 2917 2422 2964 11

1346 2967 1385 2999 12
1398 2966 1529 3008 regulas
1541 2967 1780 3000 constituentes
1791 2968 1826 3000 et
1841 2965 1922 2999 boni
1937 2965 1976 2999 V
1984 2964 1997 3010 11
2019 2966 2058 2999 13
2071 2964 2264 2998 adordinati
2276 2964 2361 3007 130)
2369 2963 2422 3009 Τ.

1346 3013 1386 3044 14
1411 3011 1568 3053 eruditos]
1593 3015 1626 3045 et
1648 3011 1796 3045 eruditos
1813 3011 1896 3054 ΒΡ)
1920 3011 2026 3055 vulyo.
2052 3009 2183 3045 Seclusi
2195 3008 2208 3055 11
2229 3011 2268 3044 15
2292 3009 2422 3052 *igno-

1343 3058 1452 3088 rantes
1472 3057 1549 3090 libri
1562 3057 1574 3102 11
1593 3057 1783 3090 omnimodo
1805 3056 1840 3091 R
1857 3055 1870 3101 11
1886 3055 2042 3089 nolumus
2063 3055 2142 3098 R’fl
2160 3065 2265 3088 unum
2289 3067 2349 3088 om.
2362 3054 2398 3088 R
2409 3052 2422 3095 11

1346 3102 1384 3134 17
1411 3103 1489 3142 tam]
1515 3105 1568 3134 ta·
1595 3103 1644 3136 R'
1663 3102 1676 3147 11
1695 3104 1734 3137 18
1758 3101 1985 3136 ordinationes
2006 3100 2041 3134 R
2065 3099 2315 3133 ordinationum
2339 3099 2392 3134 V·
2409 3098 2422 3143 11

1344 3147 1386 3178 20
1408 3148 1440 3178 et
1460 3146 1605 3189 datione]
1630 3148 1667 3181 V
1671 3148 1685 3168 ²
1706 3149 1739 3181 in
1759 3159 1839 3190 raa,
1864 3147 1935 3180 siue
1953 3145 2090 3188 querela
2109 3146 2187 3180 add.
2200 3144 2281 3189 Ra!
2299 3145 2343 3179 22
2366 3155 2420 3178 or·

1344 3190 1547 3224 <linationem
1561 3211 1601 3217 —-
1617 3192 1706 3235 leges
1730 3194 1763 3226 in
1781 3205 1848 3226 ras.
1864 3194 1904 3226 10
1945 3203 1997 3225 ere
2011 3191 2068 3224 litt.
2082 3203 2146 3224 scr.
2158 3189 2210 3223 Β*
2224 3189 2237 3234 11
2255 3190 2298 3224 23
2321 3199 2421 3233 nuper

1343 3236 1407 3276 his]
1439 3237 1589 3279 superius
1614 3238 1648 3271 V
1672 3238 1684 3282 11
1713 3248 1886 3280 possumus

1344 3281 1377 3312 R
1392 3280 1404 3324 11
1423 3282 1464 3314 26
1488 3285 1623 3324 propter
1646 3284 1717 3324 has]
1741 3280 1978 3326 proptereaR²
2000 3291 2062 3324 pro
2084 3282 2135 3313 ter
2157 3279 2217 3312 has
2237 3281 2350 3312 antem
2363 3278 2396 3313 V
2407 3275 2422 3324 Ι

1345 3327 1383 3358 31
1412 3327 1481 3366 aut]
1506 3332 1613 3359 autem
1645 3328 1682 3361 V
1686 3333 1703 3350 ¹²
1762 3330 1804 3362 32
1830 3326 1986 3360 habuerit
2012 3323 2051 3360 V
2102 3326 2145 3359 33
2169 3324 2420 3367 coniungantur

1346 3369 1416 3402 RV
1428 3370 1440 3411 11
1455 3372 1639 3405 siueiunote
1664 3373 1697 3407 V
1702 3373 1712 3393 ²
1759 3375 1802 3408 34
1827 3371 2110 3414 derelinquentem
2133 3368 2238 3404 RVT
2258 3368 2271 3414 ΙΙ
2297 3370 2339 3404 35
2363 3369 2420 3402 sed

1345 3416 1377 3445 Gt
1400 3414 1503 3455 iP⁵³⁸³¹1¹
1516 3435 1559 3440 —
1572 3419 1625 3458 43,
1639 3420 1660 3452 4
1684 3418 1874 3460 eligentem]
1898 3417 1993 3451 Haec
2015 3417 2082 3450 nini
2093 3417 2186 3459 sorte
2208 3421 2297 3448 vetus
2321 3416 2418 3450 inter·

1343 3472 1418 3501 pres
1443 3461 1519 3493 mire
1545 3465 1675 3496 turbata
1700 3471 1757 3496 aut
1780 3465 1813 3497 in
1837 3474 1955 3507 yraeco
1980 3461 2159 3504 exemplari
2188 3461 2339 3493 habuisse
2362 3468 2420 3512 aut

1344 3505 1413 3546 ipse
1443 3505 1568 3538 dedisse
1600 3510 1774 3542 censendus
1804 3515 1867 3549 est,
1898 3514 1934 3540 ui
1961 3509 2062 3541 verba
2089 3507 2172 3539 inter
2201 3507 2260 3538 καὶ
2291 3501 2419 3538 αὐτους

1343 3560 1373 3581 υ.
1389 3549 1430 3581 34
1456 3556 1486 3581 et
1508 3553 1566 3582 καὶ
1591 3547 1698 3595 αὐτῆς
1721 3566 1749 3587 υ.
1764 3556 1846 3596 43‚1
1867 3553 1963 3596 prius
1986 3553 2115 3590 omissa,
2139 3558 2252 3592 postea
2277 3552 2310 3584 in
2333 3562 2417 3583 mar·

1343 3594 1419 3635 qine
1442 3596 1590 3636 suppleta
1615 3598 1720 3631 alieno
1746 3599 1814 3632 loco
1839 3600 2064 3638 insererentur,
2087 3596 2194 3630 vaicra·
2213 3603 2349 3639 possunt
2371 3596 2418 3629 ita

1341 3639 1450 3679 potius
1475 3640 1506 3671 in
1530 3642 1672 3675 ordinem
1697 3645 1842 3686 coqenda
1866 3655 1952 3677 esse:
1975 3641 2032 3675 aad
2051 3644 2084 3674 et
2106 3641 2195 3683 ipsos
2220 3651 2295 3673 oum
2318 3640 2416 3673 onati-

1346 3684 1410 3713 tate
1436 3683 1581 3717 viventes
1605 3690 1662 3718 aut
1686 3688 1845 3721 uxoribus
1870 3698 1935 3720 non
1961 3686 2203 3730 cohabitantes,
2233 3688 2291 3719 aut
2315 3685 2416 3719 unius

1948 3235 2020 3270 ⁰V²
2045 3235 2058 3279 11
2089 3237 2131 3270 25
2167 3235 2204 3267 in
2227 3234 2419 3278 conspectui
2483 3282 2485 3285 Ι
