2592 3840
255 115 362 158 Nov.
394 115 613 158 LXXVIII
648 120 681 158 1.
712 117 738 158 2

258 223 374 271 μόνην
396 229 541 275 κρατεῖν
564 226 630 269 τὴν
655 225 840 272 ῥωμαΐκὴν
863 219 1051 261 πολιτείαν
1075 227 1227 262 ἐπὶτῶν
1242 225 1332 262 ἐλευ-

259 272 402 319 θεριῶν
436 270 708 317 ἠβουλήθημεν,
736 269 786 316 ,ού
822 269 947 306 τόποις
989 271 1052 315 οὐχ
1087 271 1238 316 ἡλικίαις
1270 272 1334 316 οὐχ

256 318 368 362 ἑτέρῳ
401 321 474 352 τινὶ
505 316 547 351 τὸ
578 319 723 363 πρᾶγμα
750 315 1001 364 διακρίνοντες.
1047 315 1192 362 Ἐπειδὴ
1218 316 1258 352 δὲ
1279 316 1338 352 ἀεί

256 376 293 396 τι
324 366 485 410 κρεῖττον
520 366 602 416 περὶ
637 363 716 415 τῶν
749 360 934 407 ἡμετέρων
967 359 1139 403 ὑπηκόων
1171 362 1334 408 βουλευό-

1331 112 1421 178 381

1922 129 1983 161 UT
2011 129 2189 161 LIBERTI
2218 129 2277 160 DE
2305 128 2477 162 CETERO

1402 237 1586 264 romanam
1601 228 1778 264 civitatem
1796 228 1835 264 in
1851 227 2076 264 libertatibus
2092 227 2277 269 voluimus,
2297 238 2370 264 non
2383 227 2475 264 locis

1401 283 1475 309 non
1495 273 1674 310 aetatibus
1697 285 1769 310 non
1790 274 1860 309 alio
1880 274 2034 319 quodam
2057 283 2210 309 causam·
2220 273 2471 309 discernentes.

1403 318 1578 363 Quoniam
1613 321 1733 355 autem
1768 329 1907 365 semper
1942 318 2077 364 aliquid
2109 318 2235 354 melius
2269 318 2315 354 de
2343 317 2476 354 nostris

1403 363 1575 399 subiectis
1596 366 1803 409 tractamus,
1828 369 1864 399 et
1883 365 2001 410 ipsum
2024 363 2120 410 quod
2137 363 2331 409 perfectius
2355 362 2478 399 datum

197 1539 203 1547 .
262 1495 383 1529 δίκαια
398 1496 525 1536 ταῦτα,
549 1507 641 1541 απερ
661 1492 759 1538 ἡμεῖς
783 1493 1110 1539 ἐνομοθετήσαμεν,
1135 1490 1194 1541 ἐφ’
1215 1507 1340 1540 ωνπερ

256 420 356 451 μενοι
390 410 449 440 καὶ
486 407 573 442 αὐτο
610 421 651 441 το
687 406 906 454 τελειότερον
945 405 1140 452 δεδομένον
1172 410 1335 454 μείζοσιν
1372 413 1392 445 5
1405 412 1461 445 est
1485 412 1530 451 [a]
1556 410 1749 446 maioribus
1781 410 2044 446 aestimavimus
2073 411 2241 455 oportere
2271 407 2477 445 adiectioni-

258 451 433 497 ιρήθημεν
457 450 533 486 δεῖν
555 455 634 487 ταῖς
657 450 878 498 προςθῆκαις
903 450 1071 496 αὐξῆσαι·
1405 454 1474 490 bus
1498 454 1687 499 ampliare:

1264 566 1418 603 CAPUT
1443 567 1471 601 Ι.

310 632 368 667 διὰ
393 635 500 668 τοῦτο
524 633 763 676 θεσπίζομεν,
795 633 830 666 εἴ
848 644 902 667 τις
926 623 1175 679 ἐλευθερώσας
1197 634 1338 678 οἰκέτην

256 677 278 723 ἢ
304 678 536 730 θεράπαιναν
567 677 676 732 αὐτοῦ
701 676 851 712 πολίτας
880 675 1008 713 αὐτοὺς
1037 676 1234 726 ἀποφήνειε
1266 680 1335 725 (Sm-
1405 683 1469 716 aut
1492 681 1658 716 ancillam
1682 689 1784 716 suam
1810 681 1902 716 cives
1927 679 2188 716 denuntiaverit
2210 689 2376 715 romanos
2404 673 2478 722 (11εέ

257 729 381 769 (malove
413 721 518 777 (οὐδὲτ
537 723 605 778 γᾴρ
634 722 751 777 αλλως
779 723 943 768 ἔξεστιν),
978 724 1070 759 ἴστω
1101 724 1201 772 παρὰ
1230 723 1337 759 τοῦδε
1406 735 1474 770 que
1497 726 1591 761 enim
1621 725 1726 761 aliter
1749 726 1857 768 licet),
1890 725 1982 760 sciat
2012 736 2056 761 ex
2085 725 2156 761 hac
2185 725 2272 770 lege,
2304 724 2389 770 quia
2419 723 2481 769 qui

258 772 322 804 τοῦ
342 769 538 825 νόμρυκως
560 782 579 802 ο
603 782 672 823 την
695 767 908 822 ἐλευθερίαν
932 768 1060 814 λαβὼν
1082 769 1154 811 ἕξει
1177 770 1336 818 παρεπό-
1351 771 1607 806 101ibertatem
1627 771 1768 816 accepit
1786 770 1935 806 habebit
1952 771 2173 816 subsequens
2192 781 2275 806 mox
2298 773 2336 806 et
2353 778 2479 804 aureo-

256 828 366 859 μενον
395 815 505 848 ευθυς
534 817 593 848 καὶ
620 827 663 848 το
695 826 772 848 των
803 816 948 861 χρυσῶν
980 813 1184 850 δακτυλίων
1210 819 1271 849 καὶ
1294 814 1337 849 τὸ
1406 827 1485 851 rum
1509 817 1696 851 anulorum
1728 819 1763 852 et
1786 815 2063 860 regenerationis
2086 815 2155 859 ius,
2187 820 2224 852 et
2247 824 2319 851 non
2340 814 2413 849 iam
2436 823 2481 849 ex

235 862 318 903 ’τῆς
340 859 611 912 παλιγγενεσίας
642 857 794 901 δίκαιον,
826 862 888 893 καὶ
911 857 975 894 οὐκ
999 860 1038 901 ἐξ
1061 858 1215 908 ἀνάγκης
1240 859 1336 904 αἰτή·
1406 861 1620 897 necessitate
1650 862 1720 897 hoc
1752 871 1775 896 a
1804 860 2028 907 principibus
2052 861 2251 906 postulabit
2280 869 2395 904 neque
2425 859 2480 894 in-

257 918 311 939 σει
335 906 441 939 τοῦτο
460 919 559 952 παρα
583 905 645 948 τῆς
664 903 848 948 βασιλείας
870 907 925 939 ἔτι
949 902 1032 939 οὐδὲ
1055 902 1220 949 δεήσεται
1244 906 1336 941 παν·
1406 908 1539 951 digebit
1563 906 1705 942 omnino
1730 906 1805 942 ulla
1827 907 2114 951 scrupulositate,
2139 904 2202 942 sed
2219 905 2397 941 libertatis
2412 903 2480 939 vit-

258 949 367 985 τελῶς
388 948 561 994 οὐδεμιᾶς
584 948 948 998 πολυπραγμοσύνης,
979 948 1069 985 ἀλλὰ
1091 952 1135 998 τῇ
1159 952 1221 994 τῆς
1244 950 1336 985 ἐλευ-
1405 955 1481 987 tute
1504 952 1594 987 haec
1625 952 1743 988 omnia
1767 951 2040 996 subsequentur.
2085 951 2165 986 Hac
2188 953 2314 986 nostra
2335 951 2414 994 lege
2437 959 2482 984 ex

260 997 383 1043 θερίας
402 995 495 1038 ἰσχύι
508 994 760 1030 πάνταταῦτα
774 994 1080 1030 συνειςελεύσεται.
1113 995 1214 1038 τῆςδε
1233 995 1337 1041 ἡμῶν
1352 1001 1393 1033 15
1404 998 1587 1043 praesenti
1618 997 1675 1033 die
1705 996 1915 1032 incohante:
1962 1007 2034 1031 non
2066 997 2158 1032 enim
2189 995 2324 1041 aliquid
2354 994 2481 1030 horum

258 1042 319 1096 τῇς
347 1043 564 1095 νομοθεσίας
593 1041 632 1074 ἐκ
664 1041 725 1084 τῆς
756 1040 937 1088 παρούσης
965 1039 1095 1088 ἡμέρας
1123 1040 1336 1087 ἀρχομένης·
1406 1053 1498 1088 quae
1522 1044 1622 1088 prius
1645 1042 1746 1078 facta
1769 1045 1853 1078 sunt
1884 1044 2163 1087 perscrutamur,
2193 1040 2376 1076 firmamus
2398 1048 2481 1084 ergo

258 1100 299 1120 ov
320 1100 389 1134 γαρ
407 1101 443 1120 τι
460 1100 537 1121 των
553 1086 768 1132 ἔμπροσθεν
786 1089 994 1140 γενομένων
1013 1086 1336 1142 περιεργμζόμεζὶα,
1407 1088 1525 1124 omnia
1549 1087 1811 1133 praecedentia,
1845 1091 1886 1122 ut
1908 1086 2051 1123 valeant
2083 1086 2277 1123 secundum
2307 1094 2369 1121 eos
2415 1093 2482 1118 uos

258 1133 473 1176 βεβαιοῦμεν
507 1129 547 1165 δὲ
569 1130 705 1176 μᾶλλον
727 1127 877 1166 ἅπαντα
898 1145 944 1166 τα
969 1130 1224 1178 προειληφοτα,
1250 1143 1338 1167 ωςτε
1407 1135 1505 1169 facta
1540 1138 1624 1169 sunt
1658 1134 1794 1170 modos.
1849 1132 1920 1168 Sed
1954 1128 2044 1168 haec
2079 1131 2221 1178 quidem
2263 1130 2316 1167 sic
2349 1130 2398 1166 ha
2423 1138 2483 1164 ere

258 1182 402 1224 κρατεῖν
421 1176 513 1211 αὐτὰ
533 1175 627 1211 καθ’
647 1173 706 1211 οὓς
726 1178 891 1223 ἐγένοντο
912 1177 1075 1225 τρόπους.
1108 1176 1214 1211 Ἀλλὰ
1231 1180 1338 1212 τοῦτο
1407 1179 1600 1214 sancimus.

258 1226 324 1267 μὲν
347 1219 461 1258 οὕτως
483 1224 578 1266 ἔχειν
603 1222 839 1267 θεσπίζομεν.
1352 1226 1395 1259 20

1462 637 1653 680 propterea
1677 635 1870 677 sancimus,
1900 635 1933 670 si
1956 635 2035 680 quis
2058 635 2309 670 manumittens
2340 643 2481 670 servum

1259 1336 1416 1372 CAPUT
1440 1336 1487 1372 11.

302 1402 436 1437 Ἐκεῖνο
455 1401 495 1437 δὲ
511 1401 880 1450 προςεπισκήπτομεν,
905 1399 993 1437 diste
1008 1401 1122 1447 μηδὲν
1140 1401 1232 1447 μηδὲ
1249 1403 1341 1447 μετὰ
1468 1403 1561 1438 Illud
1592 1413 1675 1438 vero
1708 1397 1898 1446 adicimus,
1934 1406 1976 1437 ut
2006 1402 2094 1437 nihil
2129 1411 2243 1447 neque
2276 1403 2358 1446 post
2391 1400 2485 1435 hanc

263 1447 366 1484 τόνδε
397 1447 503 1493 ἡμῶν
537 1449 604 1483 τὸν
635 1447 748 1491 νόμον
779 1447 1014 1494 βλάπτεσθαι
1048 1449 1095 1482 τὰ
1128 1449 1342 1494 πατρωνικὰ
1409 1450 1522 1493 legem
1544 1452 1703 1484 nostram
1733 1448 1920 1484 laedantur
1947 1450 2160 1493 patronatus
2191 1447 2272 1482 iura
2300 1445 2363 1482 illa
2393 1454 2485 1490 quae

275 1538 281 1546 ¹
554 1491 571 1502 ‘¹
1227 1484 1246 1503 τ
1410 1505 1475 1530 nos
1505 1494 1707 1537 sanximus,
1735 1493 1776 1537 in
1799 1494 2082 1547 quibuscumque
2112 1492 2255 1527 omnino
2282 1491 2374 1526 haec
2401 1500 2484 1534 pcr-

261 1539 351 1574 ὂλως
385 1536 477 1574 αὐτὰ
505 1539 711 1586 προςώπων
743 1538 979 1586 ἑφυλάξαμεν,
1016 1538 1111 1583 πλὴν
1141 1540 1173 1573 εἰ
1201 1540 1251 1584 μὴ
1281 1543 1341 1573 καὶ
1410 1540 1508 1575 sonis
1532 1539 1758 1582 servavimus,
1778 1539 1859 1574 ‘msi
1882 1542 2001 1574 tamen
2031 1538 2136 1573 etiam
2165 1537 2212 1578 ab
2238 1536 2296 1572 his
2317 1535 2486 1573 libertum

261 1585 403 1620 τούτων
426 1584 492 1619 τὸν
515 1584 764 1630 ἀπελεύθερον
788 1583 1025 1626 ἀπαλλάξειεν
1056 1583 1076 1619 ὁ
1105 1583 1173 1628 τὴν
1199 1583 1341 1619 ἐλευθε-
1356 1587 1398 1620 25
1412 1586 1472 1630 qui
1495 1585 1696 1620 libertatem
1721 1584 1867 1620 donavit
1895 1583 2097 1626 absolverit,
2129 1585 2194 1618 aut
2241 1592 2282 1618 er
2304 1581 2484 1616 fideicom-

262 1635 346 1710 ρίαν
362 1628 624 1678 δωρησάμενος,
643 1628 665 1674 ἢ
681 1630 773 1664 κατὰ
793 1628 1090 1676 φιδεϊκόμμισσον
1109 1630 1216 1664 τοῦτο
1235 1643 1343 1665 κατα·
1411 1630 1558 1666 missum
1590 1630 1660 1666 hoc
1695 1630 1897 1675 relinquens
1937 1631 2001 1664 aut
2035 1629 2072 1664 in
2105 1629 2186 1674 ipsa
2233 1627 2384 1663 ibertate
2416 1625 2486 1662 hoo

285 1676 382 1711 ιπών
402 1674 424 1720 ἢ
445 1679 505 1710 καὶ
529 1674 612 1710 κατ’
638 1673 751 1719 αὐτὴν
783 1675 850 1719 τὴν
874 1674 1086 1722 ἐλευθερίαν
1108 1676 1215 1710 τοῦτο
1239 1687 1342 1722 προς·
1411 1676 1580 1711 adiciens.
1627 1674 1721 1711 Nam
1753 1675 1784 1711 si
1814 1675 1884 1711 hoc
1914 1673 2061 1716 dederit,
2096 1672 2331 1718 0111111110.ᾳηί
2359 1681 2486 1707 mann·

264 1723 353 1756 θείς.
401 1723 432 1755 εἰ
454 1720 522 1770 γὰρ
545 1724 605 1755 καὶ
628 1722 735 1756 τοῦτο
759 1718 849 1764 δοίη,
874 1719 1062 1756 παντελῶς
1095 1718 1114 1754 ὁ
1139 1718 1342 1767 ἠλευθερω-
1412 1722 1565 1761 mittitur
1582 1721 1786 1756 absolvetur
1806 1721 1912 1756 etiam
1936 1730 1959 1755 a
1980 1722 2194 1765 patronatus
2217 1718 2306 1761 iure,
2330 1727 2372 1753 eo
2391 1716 2487 1762 quod
2502 1728 2510 1733 ·

262 1771 366 1813 μένος
400 1764 571 1813 ἀφείσθω
607 1770 667 1800 καὶ
700 1767 764 1800 τοῦ
795 1767 1026 1813 πατρωνικοῦ
1058 1764 1208 1805 δικαίου,
1245 1763 1342 1800 διότι
1399 1767 1480 1802 .h0c
1502 1766 1562 1801 ille
1589 1766 1774 1811 expressit.
1822 1765 1989 1811 Habeant
2020 1765 2142 1809 itaque
2168 1764 2257 1799 haec
2281 1762 2398 1799 omnia
2426 1761 2487 1807 qui

264 1813 369 1847 τοῦτο
394 1813 524 1847 ἐκεῖνος
548 1814 761 1858 ἐπέσκηψεν.
810 1814 991 1854 ἐχέτωσαν
1014 1812 1081 1855 μὲν
1105 1804 1169 1846 οὖν
1192 1808 1339 1845 ἅπαντα
1353 1814 1394 1846 30
1410 1812 1608 1847 libertatem
1626 1815 1842 1853 meruerunt,
1865 1814 2107 1846 verumtamen
2122 1810 2263 1844 servent
2285 1807 2392 1844 etiam
2403 1809 2487 1852 post

264 1859 378 1893 ταῦτα
402 1857 438 1892 οἱ
459 1859 522 1901 τῆς
542 1856 749 1903 ἐλευθερίας
772 1854 977 1902 ἠξιωμένοι,
1002 1855 1283 1902 φυλαττέτωσάν
1305 1871 1345 1904 γε
1413 1858 1507 1892 hanc
1535 1861 1706 1892 nostram*
1729 1856 2019 1892 constitutionem
2047 1855 2098 1891 eis
2130 1853 2192 1900 qui
2221 1853 2267 1889 ad
2287 1853 2396 1889 talem
2425 1862 2486 1888 eos

262 1903 334 1948 μὴν
363 1907 422 1936 καὶ
445 1902 536 1948 μετὰ
558 1902 695 1946 ταύτην
718 1900 823 1947 ἡμῶν
854 1902 921 1945 τὴν
945 1902 1057 1936 θείαν
1083 1899 1248 1942 διάταξιν
1271 1905 1343 1937 τοῖς
1412 1902 1656 1947 perduxerunt
1690 1902 1860 1938 honorem
1896 1911 2035 1937 omnem
2068 1899 2313 1940 reverentiam,
2348 1901 2385 1933 et
2417 1897 2487 1933 hoc

264 1950 311 1983 εἰς
342 1947 514 1992 τοιαύτην
545 1946 672 1982 αὐτοὺς
702 1946 827 1995 ἄγουσι
857 1948 967 1992 τιμὴν
983 1948 1120 2001 χπᾶσαν
1156 1945 1248 1981 αἰδῶ
1284 1951 1343 1982 καὶ
1413 1948 1510 1992 quod
1540 1952 1691 1984 vocatur
1721 1948 1930 1992 obsequium
1962 1950 1998 1981 et
2020 1945 2253 1984 reverentiam
2282 1947 2382 1979 recte
2401 1942 2485 1987 legi»

263 1992 306 2028 τό
330 2007 370 2040 γε
392 1991 615 2038 καλούμενον
639 1993 833 2038 obsequiov
863 1995 924 2026 καὶ
952 2006 1020 2036 την
1051 1994 1090 2026 ἐκ
1119 1993 1197 2027 τῶν
1220 1992 1345 2037 νόμων
1411 1994 1480 2029 bus
1503 1994 1763 2038 introductum
1802 1993 1887 2038 quin
1918 1992 2026 2028 etiam
2057 1991 2262 2026 abstineant
2289 1993 2353 2024 aut
2374 1988 2485 2024 mani-

263 2038 388 2086 ὀρθῶς
412 2040 700 2086 εἶςενηνεγμένην
723 2038 958 2074 reverentiav.
1008 2040 1068 2071 καὶ
1089 2036 1162 2082 μὴν
1191 2041 1252 2072 καὶ
1274 2037 1340 2081 ἀπ·
1356 2041 1399 2074 35

309 2144 381 2175 cap.
403 2132 448 2164 II
467 2143 616 2164 summam
643 2132 738 2164 habet
762 2131 948 2175 Anonymus
972 2130 1179 2163 Bodleianus
1203 2130 1255 2170 (ἐκ
1277 2129 1339 2172 τῆς
1361 2130 1491 2173 νεαρᾶς
1513 2127 1733 2173 νομοθεσίας
1756 2141 1832 2174 κεφ.
1857 2127 1911 2175 γ’)
1935 2142 1990 2173 ap.
2010 2129 2199 2162 Zachariae
2220 2102 2352 2158 Ἀνεξιδ.
2373 2137 2408 2169 p.
2422 2125 2488 2161 213

263 2178 318 2220 (cſs
345 2178 426 2210 idem
449 2177 508 2210 Ias
535 2175 770 2210 Graeco-Rom.
796 2175 856 2209 IV
872 2189 907 2220 p.
922 2177 956 2217 4)

266 2266 383 2302 valere
405 2276 594 2301 romanam
619 2265 797 2300 civitatem
819 2265 859 2299 in
884 2263 1109 2299 libertatibus
1132 2263 1320 2307 voluimus,
1351 2263 1405 2298 ita
1428 2267 1469 2297 ut
1498 2274 1614 2314 neque
1638 2263 1726 2298 locis
1757 2274 1802 2297 ne
1828 2272 1874 2297 ue
1897 2262 2075 2298 aetatibus
2105 2271 2222 2306 neque
2245 2259 2320 2295 alia
2349 2270 2391 2295 re
2412 2259 2491 2295 ulla

265 2322 411 2354 causam
442 2311 736 2346 discerneremus.
791 2309 968 2353 Quoniam
1000 2319 1085 2345 vero
1120 2319 1262 2361 semper
1296 2307 1437 2354 aliquid
1473 2307 1600 2344 melius
1634 2318 1725 2354 crya
1758 2318 1800 2343 su
1824 2307 1936 2343 iectos
1960 2311 2108 2343 nostros
2138 2305 2350 2341 meditantes
2382 2305 2490 2340 ctiam

266 2358 383 2404 ipsum
407 2356 506 2402 quod
520 2356 726 2402 perfectius
748 2359 802 2391 est
825 2355 948 2390 datum
971 2354 1170 2389 maioribus
1193 2354 1423 2389 incrementis
1446 2352 1651 2400 auqendum
1675 2353 1866 2392 duximus:

399 2402 428 2437 1.
470 2406 674 2453 propterea
704 2402 897 2443 sancimus,
931 2401 963 2435 si
986 2400 1070 2452 quis
1101 2400 1319 2434 manumisso
1351 2409 1455 2434 servo
1476 2398 1541 2446 'vel
1571 2398 1706 2434 ancilla
1735 2409 1804 2434 sua
1830 2400 1899 2433 ‘eos
1929 2398 2023 2433 cives
2053 2406 2224 2432 romanos
2253 2394 2492 2431 declaraverit

266 2451 394 2494 (neque
419 2458 512 2482 enim
541 2446 651 2481 aliter
675 2446 783 2489 licet),
815 2451 856 2481 ut
878 2446 911 2481 is
940 2451 1033 2480 sciat
1064 2456 1114 2481 ex
1144 2444 1213 2480 hac
1244 2444 1322 2491 leqe
1353 2455 1432 2479 eum
1462 2444 1526 2490 qui
1555 2444 1754 2480 libertatem
1784 2443 1925 2490 aceepit
1955 2446 2138 2487 tamquam
2168 2440 2430 2476 consectarium
2457 2445 2492 2476 ct

267 2503 461 2530 (aureorum
485 2492 677 2527 anulorum
699 2496 736 2527 et
758 2491 998 2527 restitutionis
1021 2490 1196 2526 natalium
1220 2490 1278 2525 ius
1300 2489 1422 2525 statim
1446 2489 1655 2525 habiturum
1675 2500 1765 2531 esse,
1788 2500 1903 2535 neque
1925 2487 1966 2523 id
1984 2486 2188 2523 necessario
2212 2484 2256 2520 ab
2273 2486 2493 2538 imperatore

268 2538 423 2584 amplius
446 2538 649 2584 petiturum
679 2547 795 2583 neque
826 2537 971 2571 omnino
1003 2535 1080 2571 ulla
1110 2535 1355 2572 sollicitudine
1386 2545 1480 2586 opus
1509 2533 1734 2578 habiturum,
1768 2533 1833 2569 sed
1855 2533 1894 2569 vi
1914 2532 2092 2570 libertatis
2120 2530 2209 2566 baec
2234 2541 2355 2566 omma
2384 2530 2493 2566 simul

269 2594 460 2618 accessura
489 2593 575 2618 esse.
631 2583 750 2627 Atque
781 2581 870 2617 baec
901 2585 1029 2617 nostra
1060 2581 1124 2616 lex
1154 2591 1204 2616 ex
1224 2584 1413 2627 praesenti
1446 2579 1504 2614 die
1523 2580 1665 2615 initium
1696 2580 1835 2626 capiet:
1869 2589 1985 2625 neque
2015 2577 2108 2613 enim
2143 2575 2335 2622 quicquam
2368 2586 2493 2611 eorum

270 2640 362 2674 quae
384 2628 489 2674 prius
508 2629 615 2673 facta
638 2631 724 2662 suut
746 2627 995 2668 sollicitamus,
1025 2627 1132 2661 immo
1156 2626 1413 2670 confirmamus
1428 2626 1637 2677 praeterita
1662 2626 1800 2666 omnia,
1833 2628 1874 2659 ut
1896 2623 2041 2660 valeant
2063 2620 2256 2657 secundum
2280 2631 2342 2656 eos
2364 2620 2494 2667 quibus

268 2674 373 2718 saeta
396 2677 481 2708 sunt
503 2672 639 2707 modos.
690 2671 763 2707 Sed
784 2671 853 2707 Izoc
876 2671 1020 2717 quidem
1043 2671 1096 2707 ita
1118 2682 1157 2706 se
1180 2670 1311 2707 babere
1333 2681 1527 2709 sancimus.
2119 2683 2123 2686 -

403 2717 449 2752 ΙΙ.
497 2715 597 2752 Illud
620 2727 705 2752 vero
732 2721 925 2763 praeterea
955 2717 1210 2763 praecipimus,
1245 2727 1291 2751 ne
1319 2715 1395 2751 ulla
1425 2716 1462 2750 in
1490 2726 1543 2757 re,
1573 2725 1618 2749 ne
1642 2718 1733 2761 post
1761 2714 1856 2749 hanc
1886 2712 2029 2764 quidem
2061 2711 2173 2758 leqem
2204 2713 2377 2761 nostram,
2407 2710 2492 2745 iura

266 2768 490 2811 patronatus
512 2762 690 2798 violentur
713 2773 757 2798 ea
787 2773 884 2814 quae
906 2772 975 2797 nos
997 2762 1200 2804 sanximus,
1232 2760 1362 2813 quibus
1385 2759 1528 2806 quidem
1551 2760 1590 2794 in
1607 2759 1779 2811 personis
1803 2768 1947 2795 omnino
1972 2768 2015 2793 ea
2037 2756 2268 2797 servavimus,
2299 2754 2368 2790 nisi
2391 2754 2429 2790 si
2447 2754 2493 2790 ab

270 2810 316 2844 iis
337 2808 499 2845 libertum
517 2807 665 2843 solverit
683 2807 715 2842 is
731 2818 792 2852 qui
811 2807 1009 2842 libertatem
1033 2806 1194 2848 donavit,
1218 2817 1291 2841 szve
1310 2817 1381 2852 per
1397 2804 1710 2849 fideicommissum
1734 2804 1802 2839 hoc
1822 2802 1971 2848 reliquit
1993 2802 2067 2837 sive
2081 2801 2188 2837 etiam
2209 2799 2247 2834 in
2265 2799 2348 2852 ipsa
2367 2810 2492 2834 manu-

271 2854 438 2890 missione
468 2851 537 2887 hoc
568 2851 709 2888 adiecit.
758 2851 852 2886 Nam
881 2852 913 2886 si
944 2850 1013 2887 hoc
1042 2861 1187 2897 quoque
1217 2850 1374 2893 dederit,
1405 2850 1549 2885 omnino
1579 2849 1612 2884 is
1643 2849 1706 2895 qui
1729 2848 1967 2883 manumissus
1998 2851 2051 2882 est
2080 2845 2188 2882 etiam
2220 2855 2245 2878 a
2268 2854 2348 2879 iure
2365 2849 2494 2891 patro-

272 2904 380 2935 natus
404 2898 587 2939 liberetur,
612 2897 784 2949 quoniam
808 2896 877 2932 hoc
900 2896 962 2932 ille
984 2896 1182 2943 praecepit.
1231 2894 1401 2931 Habeant
1423 2895 1537 2941 iqitur
1559 2893 1648 2929 hacc
1671 2894 1792 2929 omnia
1838 2893 1877 2927 ui
1901 2891 2100 2927 libertatem
2123 2892 2342 2939 ninumnt,
2372 2896 2494 2925 verum

274 2950 391 2980 tamen
413 2947 555 2979 servent
577 2947 683 2977 etiam
703 2946 793 2988 post
815 2941 909 2976 hanc
932 2946 1095 2977 nostram
1119 2941 1277 2977 divinam
1301 2939 1592 2975 constitutionem
1615 2939 1661 2974 iis
1684 2939 1747 2984 qui
1841 2935 2015 2980 eiusmodi
2034 2936 2206 2971 honorem
2229 2944 2293 2970 eos
2309 2933 2495 2970 adducunt

274 3001 411 3025 omnem
443 2987 692 3023 verecundiam
721 2991 757 3022 et
772 2986 991 3032 >obsequium
1023 2986 1123 3032 quod
1151 2989 1304 3022 vocatur
1333 2989 1368 3021 et
1397 2984 1632 3020 reverentiam
1662 2994 1730 3030 per
1761 2982 1858 3029 leqes
1886 2986 1982 3017 recte
2013 2979 2279 3020 introductam
2311 2979 2385 3014 iam
2408 2990 2494 3016 vero

279 3045 2492 3062 ρ-.-..-,-,-----ῂ-------,-.-------.---------ῄ--ῄ-----ξψ-

319 3083 338 3116 3
364 3057 612 3125 διακρίναντες
633 3078 721 3122 valy.
739 3077 752 3120 ΙΙ
776 3079 797 3111 4
820 3078 884 3109 *τι
907 3078 1073 3123 κρεῖττον
1098 3078 1175 3109 dedi
1193 3089 1231 3110 ex
1251 3078 1282 3116 ς]
1307 3074 1350 3108 τὸ
1383 3093 1384 3096 =
1419 3085 1492 3107 mus
1513 3075 1557 3115 V]
1581 3073 1814 3106 estimamusR
1839 3071 2103 3104 existimauimns
2124 3070 2156 3103 Τ
2163 3071 2250 3114 vulg.
2270 3068 2493 3112 nadieotioni-

274 3129 437 3172 κρεῖττον
461 3125 534 3159 ML
558 3123 570 3168 ΙΙ
594 3121 844 3167 βουλευόμενοι
862 3122 920 3162 Μ]
946 3119 1156 3164 βουλόμεθα
1173 3121 1204 3155 L
1227 3123 1350 3154 tracta·

275 3183 348 3206 mus
371 3184 407 3211 §3
439 3167 689 3223 βρυλευόμεθα
712 3168 899 3202 Zachariae
923 3166 936 3210 ΙΙ
961 3170 980 3201 5
1006 3165 1047 3199 τὸ
1073 3179 1130 3199 om.
1147 3166 1189 3199 Μ
1206 3165 1219 3207 ΙΙ
1246 3166 1266 3200 8
1293 3161 1350 3197 αὐ·
1384 3184 1385 3198 1

275 3219 486 3304 ’ἷιῗῗιῧῖιῆυ
505 3215 701 3302 ἴέῗῐὲἕῖι
719 3211 1075 3300 ῗΐῖἳιξῖίῖἴῖἵέςι
1094 3222 1193 3300 ‘2232
1205 3210 1287 3289 Ἰοηῖῗ
1287 3207 1354 3297 1:⁸3

277 3303 320 3344 23
344 3303 672 3352 ἐνομοθετήσαμεν]
703 3304 780 3338 God.
795 3305 827 3345 6,
842 3310 898 3344 4‚⁴
919 3303 974 3344 (cs.
998 3304 1039 3335 ib.
1054 3303 1084 3344 3)
1112 3306 1124 3345 ΙΙ
1155 3303 1196 3335 25
1220 3300 1353 3334 τοῦτον

280 3350 396 3388 Μ”ΒΡ
421 3353 434 3397 ΙΙ
458 3354 500 3387 26
524 3347 805 3397 φιδικόμμισσον
818 3348 872 3382 ΒΡ
904 3343 1156 3391 φιδικόμισσον
1169 3346 1212 3379 Μ
1240 3342 1352 3390 φειδι-

278 3397 454 3443 κόμμισον
467 3399 499 3432 L
514 3397 527 3440 ΙΙ
546 3399 588 3431 27
602 3397 661 3429 καὶ
681 3407 738 3428 om.
753 3394 869 3429 LBvc
885 3392 898 3436 ΙΙ
916 3394 957 3427 28
971 3393 1030 3424 καὶ
1046 3405 1105 3432 φη.
1121 3403 1139 3426 ς
1157 3391 1170 3435 ΙΙ
1187 3392 1228 3425 32
1244 3390 1353 3424 θείαν

279 3459 335 3479 om.
350 3457 369 3481 ς
387 3445 399 3488 ΙΙ
423 3445 465 3479 33
490 3438 662 3488 ἆγαγοῦσι
687 3441 741 3474 ΒΡ
764 3439 777 3483 ΙΙ
801 3438 904 3480 τιμῆς
926 3437 1006 3480 L“fl
1034 3439 1076 3471 34
1100 3433 1288 3479 opsequion
1314 3436 1361 3469 M

278 3489 421 3535 ὂψίκιον
446 3490 515 3522 LB
544 3487 556 3531 ΙΙ
587 3488 627 3520 35
653 3483 777 3529 ὀρθῶς
801 3497 859 3517 om.
883 3483 914 3516 L
943 3482 956 3527 [Ι
985 3481 1200 3527 (issserentian
1227 3481 1269 3514 Μ
1300 3493 1352 3513 τι-

277 3534 349 3578 μήν
374 3536 441 3568 LB
458 3535 470 3578 ΙΙ
493 3531 691 3574 ἄπεχεσθω
717 3531 746 3563 L

327 3627 342 3659 1
365 3625 532 3657 noluimus
553 3622 710 3664 V¹vulq.]
731 3620 887 3653 uolumus
899 3617 1032 3653 RV2T
1053 3618 1066 3659 ΙΙ
1089 3618 1108 3650 2
1130 3616 1226 3650 etatis
1243 3615 1290 3650 R¹
1302 3615 1353 3649 T²

280 3674 380 3702 etates
401 3670 449 3702 V¹
466 3669 478 3712 11
498 3678 595 3700 causa
616 3667 667 3699 V¹
682 3668 694 3709 ΙΙ
712 3667 731 3699 3
757 3665 894 3706 aliquod
914 3664 947 3697 R
961 3662 974 3708 ss
993 3665 1014 3697 4
1039 3666 1071 3696 et
1092 3662 1138 3703 V]
1163 3661 1261 3694 etiam
1288 3661 1357 3695 RT

278 3717 365 3758 vuly.
387 3715 398 3758 ΙΙ
425 3714 524 3756 quod]
550 3713 607 3756 qui
631 3711 665 3744 R
680 3711 692 3755 ΙΙ
718 3714 737 3744 5
763 3722 782 3743 a
807 3711 868 3744 del.
887 3710 1117 3752 Osenbriiyqen
1141 3707 1154 3752 ΙΙ
1183 3706 1350 3740 estimaui-

1419 3120 1493 3161 bus]
1520 3119 1654 3162 upoit·
1676 3117 1805 3160 (positis
1827 3117 1888 3159 V2)
1912 3115 2151 3149 adiectionibus
2175 3116 2253 3148 add.
2275 3115 2312 3156 V,
2337 3116 2400 3149 del.
2421 3115 2473 3149 1⁷³

1423 3167 1459 3200 11
1487 3162 1712 3207 generationis
1732 3162 1781 3194 R¹
1804 3161 1816 3206 u
1844 3172 1883 3194 ex
1907 3174 1966 3195 om.
1981 3160 2060 3204 R¹u
2088 3162 2129 3195 12
2153 3160 2390 3204 printicipibus
2409 3158 2463 3195 17¹

1424 3211 1464 3244 16
1483 3211 1734 3252 perscrutantur
1754 3207 1834 3240 VT¹
1853 3205 1867 3258 ΙΙ
1883 3217 1961 3249 ergo
1985 3207 2097 3238 omnia
2120 3205 2349 3249 praecedentia
2372 3207 2412 3238 ut

1421 3255 1533 3287 omnia
1554 3264 1632 3295 ergo
1653 3252 1884 3295 praecedentia
1907 3255 1946 3283 ut
1961 3251 1995 3284 R
2027 3261 2105 3293 ergo
2128 3251 2360 3293 praecedentia
2382 3251 2505 3285 omnia.

1421 3301 1461 3332 ut
1486 3299 1519 3334 T
1549 3309 1626 3341 ergo
1650 3297 1858 3340 praecedenti
1881 3299 1940 3329 aut
1970 3296 2018 3330 V¹
2047 3296 2060 3341 ΙΙ

2090 3299 2128 3331 17
2154 3307 2208 3329 eos
2232 3297 2328 3338 quos]
2360 3306 2415 3330 cc·
2436 3306 2496 3340 per

1421 3355 1503 3387 quos
1524 3343 1654 3382 V³T²;
1689 3353 1743 3375 eos
1768 3342 1871 3375 deleri
1887 3342 1994 3375 malim
2023 3341 2035 3385 ΙΙ

2065 3343 2103 3376 21
2120 3343 2208 3375 rubr.
2235 3342 2284 3374 De
2307 3341 2496 3375 reuerentia

1421 3393 1454 3422 et
1485 3388 1642 3431 obsequio
1671 3387 1821 3431 patronis
1851 3397 1870 3419 a
1901 3386 2030 3420 libertis
2061 3388 2094 3429 (a
2122 3387 2251 3420 libertis
2283 3388 2425 3429 patrono
2449 3385 2496 3429 R)

1420 3434 1616 3479 praestanda
1639 3437 1671 3467 et
1694 3433 1734 3471 de
1757 3432 1898 3474 ingratis
1921 3431 2050 3464 libertis
2075 3432 2142 3466 ΒΤ
2151 3434 2185 3466 in
2197 3445 2299 3475 mary.
2320 3433 2373 3474 (ετ
2383 3430 2462 3473 Iul.)
2491 3434 2497 3474 Ι

1422 3481 1464 3513 22
1488 3479 1560 3521 illa]
1595 3479 1655 3512 illa
1677 3489 1757 3512 uero
1778 3476 1829 3511 V³
1850 3476 1863 3521 ΙΙ
1894 3478 1935 3511 23
1960 3478 2147 3510 sancximus
2174 3478 2221 3518 T]
2256 3476 2440 3510 sanccimus

1420 3525 1600 3557 sanctimus
1622 3524 1684 3568 Vl}
1716 3525 1760 3558 24
1783 3522 1987 3555 seruabimus
2011 3524 2097 3565 libri,
2123 3535 2206 3557 corr.
2219 3521 2342 3566 Beckss
2367 3521 2410 3556 26
2432 3522 2496 3554 hoc

1420 3570 1567 3602 adiciens
1582 3570 1626 3610 R]
1644 3570 1703 3602 hec
1717 3568 1858 3601 aditione
1875 3568 1938 3600 VT
1948 3568 1960 3610 ss
1980 3569 2020 3601 27
2035 3569 2097 3600 hoc
2112 3567 2214 3609 RV’J
2232 3567 2291 3600 hec
2306 3567 2404 3600 Tom.
2421 3564 2497 3652 1⁷¹⁹

1420 3615 1490 3657 qui]
1515 3615 1594 3657 quia
1620 3615 1667 3648 R¹
1687 3616 1698 3655 n
1721 3614 1763 3648 28
1786 3612 2015 3646 absoluebitur
2035 3613 2116 3653 1⁷¹ss
2136 3623 2156 3645 a
2180 3625 2239 3646 om.
2258 3613 2290 3645 R
2316 3612 2329 3654 ΙΙ
2351 3613 2394 3646 29
2420 3612 2480 3644 hoo

1420 3661 1480 3693 hec
1509 3661 1540 3693 T
1559 3674 1615 3693 om.
1630 3660 1663 3693 R
1678 3660 1690 3702 11
1708 3657 1827 3691 habeat
1849 3658 1879 3691 V
1897 3657 1910 3701 ΙΙ
1933 3655 1974 3692 31
1993 3659 2022 3690 ei
2043 3658 2148 3691 RVT
2168 3656 2181 3701 ΙΙ
2205 3657 2247 3691 33
2266 3657 2366 3698 quod]
2391 3656 2495 3698 qnod-

1420 3706 1507 3748 quod
1535 3705 1582 3739 T¹
1611 3705 1624 3746 ΙΙ
1646 3703 1834 3737 reuerentia
1858 3702 1906 3736 R¹
1931 3703 1944 3748 ss
1968 3705 2010 3737 34
2034 3702 2262 3735 introductum
2288 3701 2337 3735 R·
