2592 3840
265 84 373 130 Nov.
403 86 544 131 XCIII
574 92 593 131 1

267 195 398 233 διετίας
414 204 671 244 παρῳχηκυιάς,
697 203 832 236 ἐκεῖνον
853 200 893 236 δὲ
911 199 971 236 διὰ
986 205 1093 237 τοῦτο
1119 201 1182 237 οὐκ
1203 205 1342 246 ἐπεξελ-

266 242 349 276 θεῖν
374 244 472 288 παρὰ
497 247 540 290 τῇ
565 247 610 292 σῇ
636 243 844 289 ἐνδοξότητι
869 244 928 280 διὰ
958 247 1000 281 τὸ
1024 248 1093 293 τὴν
1118 247 1219 292 δίκην
1243 250 1341 297 παρὰ

265 290 338 322 τοῖς
362 288 538 334 αἱρεθεῖσι
567 289 739 336 λέγεσθαι
763 289 955 325 δικασταῖς.

1334 90 1419 139 460

1981 111 2043 142 DE
2071 111 2485 150 APPELLATIONIBUS

1412 206 1612 242 confirmari
1635 207 1744 243 semel
1767 207 1910 245 biennio
1933 211 2138 256 transactog
2172 212 2272 248 illum
2295 223 2378 249 vero
2401 224 2484 260 prc-

1410 254 1535 296 pterea
1574 262 1647 287 non
1681 255 1934 298 perexecutum
1975 255 2072 299 apud
2105 259 2202 291 tuam
2236 257 2401 302 gloriam,
2440 269 2484 296 eo

1412 298 1506 341 quod
1529 297 1625 333 litem
1651 297 1747 343 apud
1771 299 1905 334 electos
1928 299 2064 335 diceret
2086 301 2252 338 arbitros.

1277 440 1433 477 CAPUT
1459 440 1490 478 Ῑ.

322 515 553 568 ρεσπίζομεν(
572 519 698 551 τοίνυν
729 516 799 572 τῂν
828 520 896 561 μὲν
927 518 1114 564 εἰρημένην
1145 516 1339 561 ὑπόθεσιν,

1464 520 1650 558 sancimus
1671 521 1781 566 igitur
1802 526 2036 562 memoratum
2060 525 2202 571 quidem
2226 528 2415 573 negotium,
2437 537 2484 564 ex

264 559 302 597 ἐξ
325 559 363 601 ἧς
387 561 504 592 ταῦτα
534 563 619 604 ημῖν
651 562 924 614 πρρςηγγελται,
952 562 1066 607 μηδὲν
1088 563 1270 608 βλαβῆναι
1294 566 1339 612 τῇ
1375 568 1395 601 5
1409 576 1479 610 quo
1503 566 1593 603 haec
1615 567 1719 604 nobis
1742 569 1908 605 nuntiata
1929 572 2032 612 sunt,
2063 571 2151 607 nihil
2181 572 2277 608 laedi
2306 583 2352 608 ex
2374 583 2484 610 cursu

262 605 325 636 τοῦ
349 602 480 648 χρόνου
503 604 730 654 παραδρομῃ,
753 605 844 651 μηδὲ
865 612 991 654 κυρίαν
1011 609 1103 643 εἶναι
1121 609 1189 653 τὴν
1205 611 1267 644 τοῦ
1287 607 1338 644 δι-

262 650 394 683 καστοῦ
427 650 553 695 ψῆφον
585 647 687 692 ἅπαξ
710 651 959 694 ἐκκληθεῖσαν.
992 649 1083 689 ἀλλὰ
1114 657 1174 689 καὶ
1198 655 1339 700 προςεξ·

260 694 465 737 ετασθῆναι
488 696 588 741 παρὰ
612 698 657 743 τῇ
675 698 720 743 σῇ
737 695 944 741 ἐνδοξότητι
968 702 1028 733 καὶ
1053 702 1162 743 πέρας
1183 700 1339 745 νόμιμον

262 736 451 781 δέξασθαι,
475 738 546 773 κᾶν
569 742 601 774 εἰ
624 741 785 787 μυριάκις
809 742 946 777 πλείων
977 745 1039 786 τῆς
1062 742 1192 780 διετίας
1237 745 1339 790 ρόνος

261 782 489 830 παρέδραμεν
520 783 542 827 ἢ
573 790 634 819 καὶ
663 785 903 834 παραδράμοι.
959 791 1023 823 τοῦ
1053 788 1179 825 λοιποῦ
1212 759 1235 824 δ

261 829 377 872 πάσης
399 827 622 873 ὑποθέσεως,
655 830 717 877 ἐφ’
744 833 784 876 ἡς
816 833 957 868 τοιοῦτό
982 847 1019 869 τι
1041 838 1188 881 γένηται
1218 839 1278 870 καὶ
1300 838 1341 870 ἐν

258 877 357 918 μέσῳ
381 878 587 919 κινουμένης
618 878 681 919 τῆς
711 876 808 921 δίκης
840 879 939 921 παρὰ
968 880 1021 922 τῷ
1052 882 1159 927 ἑφέτῃ
1189 878 1339 924 δικαστῆ

259 917 282 961 ἢ
305 923 365 953 καὶ
387 920 437 964 μὴ
462 925 669 965 κινουμένης
692 923 1013 968 τινὲςμὶρεθῶσιν
1037 926 1167 971 ἕτεροι,
1195 929 1256 960 καὶ
1279 917 1339 960 διδι

259 962 406 1008 τοῦτοὴ
432 963 548 1000 διετία
572 966 764 1013 παρέλθοι,
788 968 828 1011 ἧς
854 968 956 1003 ἐντὸς
980 970 1087 1015 ἐχρῆν
1109 970 1192 1005 τοὺς
1214 973 1340 1017 ἐφέτας

1407 611 1588 656 temporis,
1616 621 1731 659 neque
1753 618 1867 650 ratam
1890 624 1970 651 esse
1992 615 2119 652 iudicis
2142 617 2353 654 sententiam
2375 617 2484 654 semel

1409 656 1647 701 appellatione
1676 657 1777 710 data,
1809 659 1871 695 sed
1899 661 2121 713 perexerceri
2152 663 2251 708 apud
2280 666 2379 699 tuam
2406 663 2482 708 glo-

1408 702 1497 736 riam
1528 703 1565 736 et
1593 704 1780 741 terminum
1811 704 2006 749 legiumum
2036 707 2229 752 suscipere,
2260 707 2400 744 etiamsi
2421 707 2483 744 de-

1409 746 1481 782 cies
1511 746 1624 783 milies
1654 747 1735 793 plus
1765 758 1872 793 quam
1902 749 2035 788 biennii
2066 754 2207 797 tempus
2231 753 2386 789 excessit
2418 755 2483 789 aut

1235 793 1252 824 ὲ
1280 792 1341 825 ἐπὶ
1356 794 1396 827 10
1411 791 1567 827 excedat.
1615 792 1795 838 Deinceps
1824 797 1943 830 autem
1973 796 2011 832 in
2036 797 2132 833 omni
2162 798 2318 842 negotio,
2349 798 2388 834 in
2411 808 2482 844 quo

1409 837 1480 872 tale
1510 837 1644 890 aliquid
1672 838 1790 891 agitur
1820 842 1857 876 et
1877 839 1915 875 in
1938 840 2053 877 medio
2083 844 2202 878 motae
2226 853 2356 880 causae
2385 843 2483 889 apud

1408 882 2483 975 ‘²¹13’esstussffieiiffssiii,„liifffle‘l‘sseiffiiffiufflgffffif

1407 937 1484 1006 {leat
1499 938 1749 1017 apss'ellgtionis
1763 973 1899 1010 iudices
1915 975 2014 1012 litem
2030 976 2203 1021 decidere,
2224 944 2340 1023 etqper
2358 944 2481 1024 qulam·

259 1010 327 1052 τὴν
350 1008 455 1054 δίκην
484 1015 617 1055 τεμεῖν,
653 1015 713 1046 καὶ
748 1011 842 1047 καθ’
872 1012 1089 1058 οἱανδήποτε
1124 1020 1340 1061 περίστασιν
1354 1020 1395 1052 15
1409 1016 1496 1052 libet
1520 1017 1821 1054 circumstantiam
1844 1030 1970 1055 rursus
1989 1025 2187 1058 revertatur
2207 1022 2336 1058 iterum
2358 1023 2405 1059 ad
2425 1023 2481 1059 iu-

259 1055 459 1090 ἐπανέλθοι
491 1055 602 1092 πάλιν
635 1059 697 1092 ἐπὶ
728 1058 811 1092 τοὺς
841 1060 967 1105 ἐφέτας
998 1056 1020 1102 ἡ
1049 1057 1141 1104 δίκη,
1170 1064 1244 1096 τοῖς
1273 1063 1340 1106 μὲν

258 1098 376 1135 ἄλλοις
407 1102 520 1136 πᾶσιν
544 1102 678 1143 ἐξέστω
701 1103 863 1149 χρῆσθαι
886 1108 960 1138 τοῖς
978 1107 1134 1150 μέρεσιν,
1166 1103 1214 1140 ῶς
1238 1104 1284 1146 ἂν
1308 1108 1340 1140 εἰ

256 1146 305 1189 μὴ
330 1147 456 1189 ἔτυχον
479 1143 721 1182 ἀπολιπόντες
750 1150 818 1192 μὲν
847 1149 890 1183 τὸ
916 1150 1084 1196 έφετικόν
1108 1149 1339 1196 δικαστήριον

258 1193 319 1225 ἐπὶ
342 1189 383 1225 δὲ
404 1192 486 1226 τοὺς
510 1192 671 1238 αἱρετοὺς
704 1192 892 1236 ἐλθόντες,
924 1194 974 1240 μὴ
997 1199 1122 1250 μέντοι
1154 1194 1339 1231 δύνασθαι

1407 1062 1504 1098 dices
1521 1063 1772 1114 appellationis
1788 1074 1909 1108 causa,
1933 1065 2013 1101 aliis
2033 1066 2174 1111 quidem
2190 1068 2353 1104 omnibus
2374 1068 2483 1104 liceat

1406 1107 1461 1142 uti
1489 1108 1670 1153 partibus,
1703 1112 1888 1153 tamquam
1920 1110 1951 1146 si
1982 1119 2046 1147 eos
2076 1122 2149 1147 non
2180 1112 2388 1158 contigisset
2419 1113 2481 1150 de-

1407 1162 1524 1188 serere
1566 1153 1708 1197 quidem
1749 1154 1998 1199 appellationis
2035 1156 2225 1201 iudicium,
2265 1159 2313 1195 ad
2347 1158 2481 1195 electos

1407 1200 1526 1233 autem
1549 1198 1702 1241 venisse,
1734 1209 1807 1235 non
1829 1203 1949 1236 tamen
1971 1211 2078 1246 posse
2101 1202 2154 1238 uti
2183 1203 2278 1248 quod
2300 1203 2482 1240 biennium

256 1236 416 1281 χρῆσθαι
447 1238 500 1280 τῷ
533 1238 602 1282 τὴν
626 1237 767 1273 διετίαν
790 1238 1050 1294 παραδραμεῖν.
1098 1255 1118 1275 ο
1142 1242 1212 1288 γὰρ
1240 1238 1340 1297 ἅπαξ
1352 1244 1394 1277 20
1406 1242 1599 1288 praeteriit.
1647 1243 1740 1279 Nam
1763 1245 1825 1289 qui
1846 1245 1956 1281 semel
1982 1245 2118 1283 iudices
2142 1248 2232 1284 alios
2255 1248 2376 1294 elegit.
2407 1259 2482 1285 non

258 1280 427 1316 δικαστὰς
451 1281 577 1317 ἄλλους
600 1282 767 1328 ἑλόμενος
790 1298 854 1318 ουκ
878 1299 925 1319 αν
955 1286 1008 1329 εἴη
1033 1284 1167 1321 δίκαιος
1196 1300 1338 1330 σιωπην

257 1326 419 1373 ἐγκαλεῖν
448 1330 502 1372 τῷ
532 1327 593 1363 διὰ
625 1331 734 1363 τοῦτο
767 1326 1000 1373 ἀδικηθέντι,
1033 1329 1129 1365 διότι
1159 1335 1233 1366 τοῖς
1255 1336 1338 1378 περὶ

255 1373 319 1415 τῆς
343 1372 511 1418 αἱρέσεως
533 1375 612 1408 τῶν
635 1372 820 1408 δικαστῶν
836 1379 1045 1430 γενομένοις
1068 1378 1255 1412 ἐπίστευσε
1278 1380 1338 1412 καὶ

257 1416 318 1450 διὰ
347 1419 456 1453 τοῦτο
486 1416 550 1453 οὐκ
575 1418 775 1462 ἐπεξῆλθεν
807 1418 891 1454 ουδὲ
923 1420 1110 1467 ἐπλήρωσε
1140 1421 1208 1466 τὴν
1233 1420 1337 1465 δίκην

1407 1292 1461 1323 est
1490 1288 1623 1324 iustum
1658 1294 1699 1324 ut
1730 1290 2012 1326 taciturnitatem
2041 1292 2163 1338 culpet
2196 1293 2273 1330 eins
2309 1294 2371 1338 qui
2397 1304 2481 1339 pro·,

1405 1337 1528 1378 pterea
1562 1334 1682 1369 laesus
1718 1338 1790 1377 est,
1832 1335 1917 1379 quia
1950 1335 2005 1371 his
2044 1347 2136 1382 quae
2177 1341 2279 1384 gesta
2317 1342 2402 1375 sunt
2436 1338 2482 1375 dc

1407 1379 1578 1414 electione
1599 1379 1756 1415 iudicum
1781 1380 1931 1416 credidit
1961 1386 1997 1417 et
2019 1381 2096 1418 ideo
2127 1393 2199 1419 non
2230 1385 2288 1420 est
2308 1387 2480 1420 executus

1405 1434 1520 1468 neque
1551 1425 1740 1469 complevit
1769 1425 1866 1461 litem
1896 1425 1988 1468 illic,
2022 1437 2064 1463 eo
2096 1428 2192 1473 quod
2221 1428 2318 1474 apud
2346 1429 2481 1466 iudices

257 1465 368 1496 ἐκεῖσε
405 1461 465 1497 διοὶ
502 1464 544 1498 τὸ
578 1464 676 1510 παρὰ
713 1468 785 1499 τοῖς
817 1463 1002 1500 δικασταῖς
1031 1469 1176 1502 ἐκείνοις
1206 1465 1335 1514 ἆγωιί-
1350 1470 1391 1503 25
1405 1468 1485 1505 illos
1510 1469 1557 1505 sit
1581 1470 1814 1505 exercitatum
1837 1471 2027 1516 negotium.

256 1508 396 1551 σθῆναι
420 1509 487 1552 τὴν
511 1507 706 1544 ὑπόθεσιν.

320 1550 610 1601 <Ἐπίλογος.>
663 1556 781 1589 Ταῦτα
809 1560 934 1590 τοίνυν
964 1558 1024 1592 ἐπὶ
1055 1556 1170 1600 πάσης
1199 1554 1336 1593 ὑποθέ-

256 1610 346 1632 σεως
369 1597 623 1645 φυλάττεσθαι
647 1600 746 1645 παρὰ
777 1602 842 1635 τοῦ
867 1603 930 1635 σοῦ
957 1599 1187 1648 δικαστηρίου
1209 1602 1335 1647 βουλό-

254 1644 356 1687 μεθα
380 1647 440 1677 καὶ
463 1645 560 1691 παρὰ
587 1646 724 1680 παντὸς
755 1646 875 1700 ἑτέρου
899 1647 992 1681 κατὰ
1023 1647 1066 1681 τὸ
1093 1649 1111 1681 ἐ
1139 1649 1261 1682 ετικὸν
1283 1646 1335 1682 δι-

255 1687 426 1744 κάζοντος
441 1691 570 1735 σχῆμα,
596 1688 685 1725 ῶςτε
700 1689 812 1734 μηδὲν
836 1705 942 1748 αχαρι
966 1695 1048 1737 περὶ
1067 1704 1148 1728 τους
1163 1690 1337 1736 ὑπηκόους
1349 1697 1392 1729 30
1404 1698 1508 1730 tenus
1540 1694 1628 1730 nihil
1658 1695 1789 1731 iniuste
1821 1697 1917 1732 circa
1951 1701 2094 1733 nostros
2130 1697 2309 1735 subiectos

255 1745 336 1768 τους
366 1739 554 1781 ημετέρους
586 1736 825 1781 πράττεσθαι.
874 1750 905 1770 ει
928 1740 1051 1779 μέντοι
1081 1741 1140 1772 καὶ
1170 1739 1260 1781 μετὰ
1292 1738 1334 1772 τὸ

255 1776 530 1826 ἀπολειφθῆναι
557 1782 634 1815 τῶν
658 1780 815 1828 αἱρετῶν
846 1780 1031 1817 δικαστῶν
1061 1782 1179 1826 διετὴς
1207 1782 1336 1828 παρέλ-

256 1825 321 1858 θοι
344 1824 481 1870 χρόνος,
505 1827 706 1870 τηνικαῦτα
728 1827 916 1872 ἐρρῶσθαι
935 1827 1004 1871 τὴν
1023 1829 1148 1874 ψῆφον
1169 1828 1262 1863 κατὰ
1277 1829 1338 1863 τὰς

255 1873 338 1914 περὶ
369 1870 496 1905 τούτου
525 1874 719 1917 γενομένας
748 1868 978 1926 παρὐἡμῶν
1009 1871 1196 1914 διατάξεις.
1245 1871 1337 1919 ὅπερ

1459 1559 1733 1605 (Epilogus.)
1779 1560 1878 1596 Haec
1906 1561 2015 1606 igitur
2041 1561 2080 1597 in
2111 1562 2207 1598 omni
2234 1563 2375 1607 negotio
2405 1573 2477 1600 ser·

1404 1605 1479 1639 vari
1510 1604 1606 1649 apud
1635 1609 1737 1640 tuum
1765 1605 1884 1641 forum
1916 1607 2077 1643 volumus
2107 1609 2144 1643 et
2171 1607 2252 1654 (ab)
2279 1609 2375 1644 omni
2396 1609 2479 1651 alio,

1405 1649 1468 1684 ubi
1491 1649 1686 1685 secundum
1716 1651 1967 1695 appellationis
1997 1652 2175 1688 iudicatur
2198 1653 2359 1696 schema,
2375 1665 2478 1700 qua-

2340 1705 2478 1743 agatur.

1405 1739 1444 1774 Si
1466 1749 1548 1775 vero
1578 1740 1685 1775 etiam
1717 1743 1906 1786 postquam
1936 1741 2154 1778 deseruerint
2184 1744 2315 1780 electos
2344 1744 2479 1782 iudices

1405 1785 1539 1820 biennii
1561 1788 1723 1821 transeat
1745 1790 1895 1831 tempus,
1928 1791 2014 1823 tunc
2039 1788 2242 1824 confirmari
2266 1790 2479 1826 sententiam

1407 1830 1600 1866 secundum
1636 1831 1909 1867 constitutiones
1950 1833 1994 1867 de
2035 1833 2103 1870 hoc
2142 1833 2261 1870 factas
2301 1844 2325 1870 a
2362 1835 2476 1871 nobis.

1406 1875 1508 1919 Quod
1538 1875 1651 1911 etiam'
1676 1876 1840 1922 deinceps
1870 1877 1907 1911 in
1931 1877 2094 1914 omnibus
2123 1877 2256 1914 futuris
2285 1879 2479 1916 secundum

255 1917 315 1949 ἐπὶ
349 1917 427 1950 τῶν
459 1917 584 1963 ἑφεξῆς
616 1919 892 1960 συμβαινουσῶν
924 1919 1220 1972 τοιουτοτρόπων
1249 1917 1335 1972 {1310-
1350 1922 1391 1954 35
1405 1921 1471 1956 hos
1499 1920 1625 1956 modos
1656 1922 1805 1967 negotiis
1836 1922 1954 1958 valere
1983 1923 2158 1967 volumus,
2193 1923 2272 1959 aliis
2302 1925 2477 1968 omnibuS,

258 1960 400 1995 θέσεων
421 1965 565 2006 κρατεῖν
588 1961 811 2006 βουλόμεθα,
834 1963 913 1996 τῶν
929 1962 1052 1997 ἄλλων
1068 1976 1249 1998 απαντων
1265 1977 1335 1998 οσα

253 2140 331 2164 eam
355 2131 541 2175 oporteret
563 2128 706 2165 biennio
729 2129 840 2165 semel
860 2133 1005 2171 exacto,
1025 2129 1128 2165 illum
1151 2134 1270 2167 autem
1288 2135 1487 2178 propterea
1510 2131 1607 2167 litem
1627 2136 1855 2179 persecutum
1878 2144 1952 2169 non
1971 2143 2049 2170 esse
2071 2134 2173 2181 apud
2189 2133 2346 2182 gloriam
2369 2140 2477 2179 tuam,

253 2173 352 2219 qaod
374 2184 487 2209 causa
509 2173 611 2226 apud
633 2174 764 2210 electos
788 2175 947 2211 arbitros
970 2174 1159 2211 diceretur.

388 2218 416 2254 1.
465 2217 658 2255 Sanczmus
681 2220 794 2266 iqitur
811 2220 1043 2267 praedictam
1067 2231 1222 2272 causam·
1237 2231 1288 2257 ex
1303 2231 1388 2273 qua·
1400 2221 1504 2257 nobis
1525 2220 1615 2258 haec
1637 2222 1806 2259 nuntiata
1828 2227 1913 2259 sunt
1932 2224 2032 2276 nullo
2051 2222 2262 2260 detrimento
2284 2225 2390 2270 affici
2405 2237 2479 2272 per

253 2265 441 2300 decursum
465 2265 647 2311 temporis,
677 2275 794 2311 neque
819 2270 939 2301 ratam
962 2277 1039 2302 esse
1068 2270 1282 2301 sententzam
1310 2265 1440 2301 :udicis
1470 2278 1494 2302 a
1517 2278 1590 2313 qua
1611 2267 1719 2304 semel
1741 2268 1964 2315 appellatum
1987 2273 2052 2312 stt,
2082 2267 2147 2304 sed
2161 2272 2358 2315 praeterea
2378 2271 2480 2317 apud

236 2316 351 2351 ,tuam
375 2320 520 2362 quoque
543 2310 700 2356 qloriam
723 2311 933 2346 examinari
961 2315 998 2347 et
1028 2311 1236 2364 legitimum·
1245 2311 1355 2357 finem
1379 2311 1556 2364 accipere,
1587 2312 1671 2348 licet
1691 2314 1881 2350 sescenties
1911 2315 2055 2361 lonqius
2085 2313 2228 2350 biennio
2253 2319 2390 2362 tempus
2411 2327 2476 2352 ea:-

253 2359 399 2391 cessertt
422 2355 630 2392 excedatve.
677 2353 724 2391 In
742 2361 934 2402 posterum
959 2367 1042 2392 vero
1072 2367 1111 2391 tn
1136 2367 1233 2392 omni
1257 2367 1378 2398 causa,
1406 2368 1443 2392 m
1466 2368 1539 2403 qua
1562 2357 1736 2393 eiusmodi
1759 2357 1899 2405 aliquid
1919 2358 2112 2406 contiqerit
2141 2363 2177 2394 ct
2205 2359 2243 2395 in
2267 2359 2385 2396 media
2415 2361 2477 2397 cite

253 2399 354 2446 apud
376 2399 527 2435 iudicem
551 2400 809 2446 appellationis
831 2405 929 2437 mota
961 2401 1018 2437 vel
1038 2401 1147 2437 etiam
1169 2412 1243 2437 non
1266 2406 1364 2437 mota
1388 2402 1455 2437 alii
1475 2402 1621 2448 quidam
1645 2403 1747 2438 electi
1769 2404 1852 2446 sint,
1877 2409 1913 2440 et
1932 2408 2130 2452 propterea
2154 2403 2333 2440 biennium
2356 2408 2476 2442 trans-

252 2446 347 2488 ierit,
377 2445 475 2481 intra
498 2446 597 2492 quod
622 2446 881 2493 appella-tionis
904 2446 1039 2482 iudices
1063 2446 1159 2482 licem
1181 2446 1345 2482 decidere
1369 2447 1573 2494 oportebat,
1605 2458 1649 2483 ac
1672 2459 1898 2495 quocumque
1920 2460 2008 2486 casu
2030 2449 2081 2485 ad
2101 2448 2238 2485 iudices
2259 2460 2283 2486 a
2303 2449 2476 2502 pellatia-

252 2492 309 2526 nis
341 2490 385 2525 lis
414 2490 531 2526 denzm
555 2491 692 2533 redeat,
723 2491 794 2526 reli
818 2492 875 2527 nis
897 2491 1040 2538 quidem
1063 2491 1227 2528 omnibus
1255 2492 1308 2527 uti
1333 2491 1438 2528 liceat
1457 2493 1637 2539 partibus,
1669 2499 1852 2540 tamquam
1877 2495 1913 2530 si
1933 2494 2103 2531 iudicium
2125 2493 2272 2542 appella
2294 2495 2382 2532 'oms
2403 2506 2477 2532 non

253 2535 495 2571 deseruissent
524 2547 572 2583 ne
594 2547 639 2572 ue
668 2536 719 2572 ad
748 2502 909 2572 arbitros
938 2538 1133 2578 venissent,
1163 2548 1206 2573 eo
1233 2541 1350 2573 tamen
1382 2538 1482 2584 quod
1512 2538 1690 2574 biennium
1714 2539 1951 2585 praeterierit
1983 2540 2035 2575 uti
2060 2543 2249 2586 nequeant.
2296 2539 2391 2592 Igam
2440 2540 2479 2577 ui

252 2581 361 2616 semel
382 2579 517 2616 iudices
540 2593 562 2616 a
579 2582 634 2616 ios
656 2581 774 2627 eleqit,
807 2581 908 2617 nullo
932 2582 1010 2618 iure
1033 2582 1212 2618 silentium
1237 2582 1366 2618 obiciet
1388 2583 1422 2618 ei
1446 2583 1509 2629 qui
1529 2588 1729 2636 propterea
1752 2583 1885 2620 damno
1909 2585 2064 2630 affectus
2086 2588 2151 2627 est,
2181 2583 2282 2631 quod
2302 2595 2349 2621 ns
2367 2551 2477 2640 fidqem

253 2625 381 2661 habuit
409 2636 503 2671 quae
532 2626 576 2661 de
607 2626 765 2662 iudicum
790 2627 963 2663 electione
990 2628 1097 2673 sacta
1120 2632 1203 2663 sunt
1234 2632 1270 2663 et
1286 2633 1489 2674 propterea
1512 2628 1608 2664 litem
1632 2627 1689 2664 llic
1712 2639 1786 2664 non
1807 2634 2018 2675 persecutus
2049 2633 2103 2666 est
2134 2640 2249 2676 neque
2278 2629 2476 2678 complemt,

254 2670 351 2716 quod
375 2682 398 2704 a
426 2671 475 2704 ud
497 2671 631 2706 iudices
654 2671 738 2706 illos
761 2683 872 2707 causa
895 2673 1107 2718 aqitaretur.
1388 2718 1394 2724 ·
1422 2719 1428 2724 .
1654 2718 1661 2725 ⁸
1688 2718 1695 2726 ο
2158 2719 2166 2727 ¹
2234 2718 2241 2726 ⁸

388 2682 425 2750 ᾖ
429 2715 498 2761 pil
506 2726 628 2761 oqus.
676 2715 779 2763 Haec
802 2717 916 2762 iqitur
939 2717 977 2752 in
1001 2718 1097 2752 omni
1120 2728 1230 2754 cansa
1254 2718 1427 2753 custodem
1452 2729 1475 2754 a
1500 2722 1560 2754 tuo
1584 2718 1718 2754 indicto
1751 2718 1915 2755 volumus
1943 2724 1981 2755 et
2003 2719 2048 2756 ab
2070 2729 2165 2755 omm
2189 2718 2276 2771 aluo,
2300 2719 2401 2766 quod
2416 2731 2475 2757 se-

253 2760 409 2795 cundum
430 2761 592 2805 formam
617 2762 873 2812 appellationis
896 2762 1049 2804 iudicat,
1081 2774 1127 2798 ne
1150 2762 1239 2809 quid
1261 2763 1378 2809 iniqui
1401 2762 1575 2799 adversus
1596 2764 1776 2800 subiectos
1801 2769 1947 2800 nostros
1970 2775 1993 2800 α
2020 2767 2135 2816 atur„
2164 2763 2204 2799 St
2230 2767 2347 2800 tamen
2368 2765 2475 2801 etiam

252 2811 447 2852 postquam
470 2805 514 2839 ab
540 2805 660 2841 electas
683 2807 831 2842 arbitris
853 2812 1079 2843 recesserant
1100 2807 1235 2843 biennii
1259 2813 1398 2859 tempas
1422 2809 1607 2859 transierit
1613 2836 1627 2860 ,-
1649 2813 1742 2844 'tuno
1764 2809 1942 2846 sententia
2000 2819 2079 2844 rma
2102 2812 2151 2844 stt
2171 2807 2365 2844 seeundum
2388 2819 2474 2846 con-

253 2851 459 2886 stitutiones
472 2850 526 2885 de
550 2851 618 2885 lzac
641 2862 681 2885 re
703 2862 727 2885 a
750 2852 853 2887 nobis
874 2853 1010 2896 factas.
1058 2852 1163 2896 Quod
1181 2852 1324 2898 quidem
1348 2864 1386 2887 m
1406 2863 1483 2888 ems
1501 2864 1645 2900 qenerzs
1666 2854 1787 2889 causis
1810 2854 1979 2901 deinceps
1992 2853 2132 2899 sulm-is
2154 2852 2273 2889 valere
2292 2853 2475 2891 volumus:

1469 3021 1491 3054 2
1513 3022 1722 3062 persecutum
1750 3019 1799 3053 1⁷⁸
1811 3020 1896 3064 vulq-
1931 3030 1991 3062 per
2014 3020 2208 3054 exercitium
2233 3020 2285 3054 Τ*
2307 3022 2345 3064 (ε.
2368 3034 2400 3055 υ.
2425 3022 2474 3056 ire

1401 3064 1472 3097 litis
1493 3066 1590 3109 ρίου.
1611 3066 1644 3099 T
1662 3078 1701 3098 m.
1726 3066 1803 3104 rec.)
1825 3065 1837 3107 11
1868 3067 1888 3099 3
1912 3065 2045 3107 quidem
2069 3065 2118 3098 Β*
2143 3066 2155 3108 11
2182 3065 2318 3099 arbitris
2339 3067 2382 3100 Τι
2414 3067 2473 3100 hn-

1399 3109 1505 3143 bitros
1536 3109 1585 3143 V¹
1611 3109 1624 3153 11
1646 3111 1669 3144 4
1692 3109 1810 3152 igitur]
1834 3111 1944 3143 autem
1977 3110 2009 3143 V
2028 3110 2041 3154 11
2064 3113 2083 3144 5
2108 3121 2204 3144 curso
2236 3111 2285 3143 V*
2309 3111 2323 3155 Ι
2345 3113 2366 3146 6
2387 3122 2474 3146 seme

1402 3155 1449 3187 Β*
1476 3155 1488 3197 11
1519 3156 1538 3187 'l
1569 3154 1625 3187 sed
1647 3154 1863 3197 perexerceri]
1897 3165 2024 3198 semper
2048 3156 2190 3189 exerceri
2216 3155 2265 3190 Τι
2301 3157 2359 3190 sed
2381 3167 2473 3192 exer·

1401 3198 1469 3232 ceri
1494 3198 1543 3233 R³
1565 3199 1621 3231 sed
1641 3203 1674 3232 et
1697 3199 1841 3232 exerceri
1864 3201 1949 3243 vuly.
1966 3203 1978 3242 11
1998 3201 2017 3235 8
2034 3200 2163 3234 deciens
2183 3201 2216 3235 V
2228 3201 2241 3246 11
2257 3202 2277 3236 9
2299 3201 2474 3236 biennium

1404 3245 1453 3277 Rss
1476 3244 1489 3287 11
1516 3246 1556 3278 12
1579 3244 1819 3287 appellationes
1844 3245 1876 3279 T
1884 3245 1895 3266 ¹
1920 3245 1933 3288 11
1961 3245 2089 3288 aliquid
2116 3247 2168 3280 ΤΦ)
2193 3245 2206 3290 11
2234 3248 2275 3281 13
2299 3247 2474 3291 oportebat

307 3022 328 3054 4
354 3019 578 3062 Θεσπίζομεν
601 3015 715 3062 μηδὲν
737 3017 807 3062 βλα
837 3019 920 3061 ῆναι
946 3016 1014 3052 τὸν
1037 3020 1170 3064 ἐφέντα
1199 3020 1243 3065 τῇ
1268 3020 1331 3053 τοῦ

253 3064 383 3111 χρόνον
413 3061 628 3110 παραδρομῇ
653 3066 712 3097 inc.
739 3064 774 3096 B
801 3064 806 3105 1
843 3063 910 3105 τὴν
932 3065 1001 3107 μὲν
1032 3065 1220 3108 εἰρημένην
1244 3062 1332 3098 ὑπό-

254 3112 364 3146 θεσιν
386 3129 431 3134 -
465 3112 508 3144 10
532 3110 596 3142 τοῦ
620 3106 747 3148 λοιποῦ
772 3106 812 3141 δὲ
835 3122 891 3141 om.
919 3110 964 3141 Μ
980 3109 993 3152 11
1018 3111 1037 3141 6
1061 3106 1275 3159 παραδρομὴ
1302 3110 1332 3142 L

254 3155 475 3202 παραγραφῆ
501 3155 551 3187 B⁶
579 3154 592 3197 11
619 3153 667 3197 μὴ
693 3154 744 3187 B⁶
777 3151 956 3197 μηδεμίαν
982 3155 1030 3187 Β’
1045 3167 1073 3187 υ.
1090 3155 1109 3186 l.
1139 3155 1150 3196 11
1183 3166 1249 3195 την
1274 3168 1331 3188 om.

256 3204 306 3237 130
328 3203 340 3245 11
370 3204 387 3235 7
414 3191 651 3242 έκὲιληθεῖσαν
676 3199 723 3240 Β]
759 3196 997 3244 ἐγκληθεῖσαν
1023 3200 1052 3232 L
1081 3200 1094 3242 11
1122 3201 1182 3231 καὶ
1206 3211 1264 3232 om.
1280 3211 1300 3236 ς
1324 3200 1334 3236 ιι

256 3250 275 3282 8
299 3250 358 3281 καὶ
381 3248 490 3291 πέρας
522 3241 562 3278 δὲ
584 3242 741 3288 νόμιμον
766 3241 1006 3283 ἐπιδέξασθαι
1030 3244 1080 3277 B⁸
1112 3242 1124 3287 11
1151 3246 1171 3277 9
1196 3242 1333 3277 πλείων

258 3294 316 3334 13⁸]
341 3290 463 3326 πλέων
486 3290 540 3324 ΒΤ
561 3287 658 3333 πλὴν
683 3290 745 3331 B⁶‚
770 3290 970 3326 om.L1=ulq.
997 3289 1009 3331 11
1038 3291 1072 3322 11
1100 3290 1222 3334 γέγονε
1251 3289 1299 3322 Bt
1322 3289 1333 3333 11

259 3340 298 3372 12
322 3338 529 3380 κινουμένης
554 3349 610 3368 om.
638 3336 686 3368 130
704 3334 717 3378 11
743 3335 782 3369 13
808 3331 1013 3378 εὑρεθῶσιν
1037 3333 1086 3366 13⁸
1105 3335 1116 3376 11
1141 3334 1259 3377 ἕτεραι
1287 3334 1332 3367 13⁸

255 3397 285 3416 υ.
301 3386 321 3416 Ι.
344 3382 357 3426 11
387 3385 428 3416 14
451 3378 633 3425 παρέλθοι
659 3381 707 3414 B‘
728 3379 741 3422 11
767 3381 809 3414 22
834 3376 893 3412 διὰ
917 3377 1044 3412 τούτου
1070 3379 1100 3411 L
1126 3378 1138 3421 11
1167 3380 1208 3412 23
1233 3390 1331 3423 γενο-

255 3431 372 3470 μένοις
397 3427 513 3468 MBoe]
548 3427 747 3472 γινομένοις
778 3424 869 3458 LBr
894 3423 906 3467 11
939 3425 1126 3458 ἐπίστευσε
1158 3436 1214 3455 οηι.
1241 3426 1287 3456 Bc
1328 3423 1332 3466 1

256 3476 297 3507 27
326 3473 446 3507 Ταῦτα
462 3491 499 3496 -
522 3473 561 3505 31
582 3468 811 3516 πράττεσθαι
836 3482 893 3502 om.
909 3469 959 3502 B⁸
974 3470 986 3511 11
1003 3465 1234 3512 ὑπερθέσεως
1255 3469 1301 3501 3⁶
1328 3470 1332 3511 1

257 3520 299 3553 30
323 3516 404 3571 ἄχρι
417 3518 487 3560 (sic)
505 3519 588 3561 περὶ
612 3514 694 3550 τούς
716 3510 1102 3567 ἡμετέρονςυῦπηκόους
1119 3514 1168 3547 Βο
1187 3515 1198 3555 11
1215 3514 1257 3568 32
1277 3513 1329 3567 αἱ-

257 3576 408 3609 ρετικων
433 3563 483 3596 B⁶
504 3563 575 3604 1134
597 3563 787 3608 γινομένας
810 3559 861 3594 ΒΓ
876 3558 889 3603 11
905 3570 995 3603 οπερ
1022 3579 1059 3583 --
1088 3560 1164 3600 461,
1178 3566 1193 3593 3
1214 3569 1330 3600 ισχυος

257 3622 315 3642 om.
342 3609 389 3642 B'
405 3608 416 3651 ΙΙ
443 3610 486 3642 35
511 3608 570 3641 ἐπὶ
594 3607 672 3640 τῶν
696 3606 773 3649 ἑξῆς
796 3605 1071 3648 συμβαινουσῶν
1089 3604 1123 3637 Β
1153 3604 1252 3637 etiam
1275 3604 1327 3637 de·
1368 3641 1374 3646 ,

256 3655 370 3697 inceps
393 3654 428 3685 in
453 3653 607 3686 omnibus
631 3653 752 3686 futuris
778 3650 824 3696 ς11
843 3651 886 3685 36
911 3648 1065 3687 πάντων
1088 3649 1172 3684 LB‘

1400 3345 1495 3377 posse
1511 3338 1620 3367 tamen
1638 3335 1696 3374 (tffn
1716 3334 1777 3376 R1)
1794 3335 1826 3367 R
1844 3335 1855 3377 ΙΙ
1871 3335 1923 3367 uti
1946 3349 2003 3368 om.
2026 3336 2075 3369 V¹
2091 3337 2103 3378 11
2122 3337 2201 3378 quia
2222 3337 2273 3371 V·
2288 3336 2301 3380 11
2318 3338 2360 3371 20
2376 3346 2472 3379 prae-

1399 3380 1478 3411 terit
1504 3380 1534 3412 R
1563 3380 1700 3422 praetiit
1732 3380 1798 3423 Vn
1827 3382 1914 3421 nam]
1945 3391 2086 3423 namque
2115 3382 2164 3414 Τι
2192 3383 2204 3420 ΙΙ
2231 3383 2274 3416 22
2298 3382 2388 3424 quia]
2411 3382 2471 3424 qui

1399 3423 1439 3456 ab
1472 3424 1505 3456 V
1525 3423 1536 3468 11
1567 3425 1625 3466 qui
1657 3425 1725 3458 VT
1733 3424 1744 3445 ¹
1773 3425 1784 3468 11
1813 3426 1854 3459 23
1884 3429 2078 3458 consecutus
2109 3426 2158 3460 Τι
2185 3426 2198 3469 11
2227 3427 2267 3460 27
2292 3427 2367 3460 Hoc
2397 3427 2431 3462 T
2457 3425 2472 3472 11

1400 3469 1520 3501 iuditio
1545 3469 1598 3513 Vll
1623 3471 1664 3504 28
1690 3470 1771 3510 *abJ
1796 3483 1853 3503 om.
1881 3471 1966 3512 libri,
1989 3471 2024 3503 in
2046 3471 2163 3515 ωας]
2188 3473 2231 3506 29
2253 3481 2360 3505 scema
2382 3471 2469 3505 iudi-

1399 3518 1493 3546 catur
1516 3515 1545 3547 R
1561 3514 1574 3558 11
1593 3516 1633 3550 31
1660 3515 1840 3548 deseruerit
1866 3515 1917 3549 T²

1401 3289 1494 3322 Beck
1517 3289 1530 3332 ιι
1561 3290 1601 3323 14
1624 3289 1766 3322 iudicem
1794 3290 1826 3323 T
1843 3291 1855 3332 ll
1882 3290 2032 3332 qualibet
2056 3291 2105 3324 νε
2130 3291 2142 3335 ιι
2170 3292 2210 3326 19
2234 3293 2279 3325 tffi
2303 3302 2396 3335 poue
2422 3292 2473 3326 rt
2539 3311 2541 3314 <
