2592 3840
228 70 334 112 Nov.
365 69 462 111 LIX
494 72 531 111 5.
563 71 589 110 6

228 178 295 214 σὺν
318 183 391 214 τοῖς
422 182 542 224 τρισὶν
565 174 777 212 ἀκολούθοις
797 180 857 210 καὶ
881 174 992 211 αὐτοῦ
1015 173 1163 211 πάντως
1186 189 1302 224 παρα-

226 228 415 272 γινομένου
436 223 495 259 διὰ
518 225 595 258 τῶν
619 220 715 258 ὀκτώ
740 221 948 267 ἄσκητριῶν
970 218 993 264 ἢ
1016 224 1220 256 κανονικῶν
1243 226 1303 256 καὶ

227 271 342 316 τριῶν
373 268 422 304 ὠς
452 269 589 315 εἴρηται
619 266 855 308 ἀκολούθων,
886 269 946 299 καὶ
979 263 1085 300 οὐδὲν
1116 265 1303 302 παντελῶς

1311 63 1396 111 322

1833 79 1893 109 nn
1920 59 2131 110 exsensus
2158 78 2279 117 QUAE
2305 80 2442 112 mum·

1371 177 1550 213 acoluthis
1574 179 1610 213 et
1631 177 1711 223 ipso
1735 176 1878 213 omnino
1903 177 2065 213 veniente
2086 186 2152 222 per
2171 179 2253 213 octo
2270 177 2442 215 ascetrias

1370 222 1425 258 vel
1446 223 1638 259 canonicas
1663 224 1700 258 et
1716 226 1801 265 tres,
1826 221 1920 257 sicut
1939 222 2074 258 dictum
2093 223 2159 265 est,
2184 221 2383 264 acoluthos,
2406 226 2444 258 et

1370 267 1459 303 nihil
1479 269 1621 313 penitus
1645 267 1904 312 accipientibus
1933 277 2048 313 neque
2077 277 2143 312 per
2173 276 2356 303 cereorum
2379 266 2442 303 da-

227 317 474 360 κομιζομένων
497 312 579 348 οὗδὲ
597 311 656 347 διὰ
676 313 798 358 κηρῶν
818 309 951 345 δόσεως
974 308 1230 347 ἀπαιτούντων
1247 308 1304 357 (ἢ)
1370 312 1503 348 tionem
1527 313 1746 358 exigentibus
1778 314 1815 347 et
1837 311 1943 348 aliam
1963 322 2165 349 mensuram
2186 311 2442 348 adinvenienti-

227 363 286 393 καὶ
311 362 435 406 ἕτερον
464 362 595 404 μέτρον
627 354 907 404 ἐξευρισκόντων
936 354 1002 402 ὑφ’
1029 356 1140 403 ἑτέρῳ
1170 369 1302 404 προκα-
1339 358 1440 393 5bus
1464 358 1531 394 sub
1556 358 1626 394 alio
1650 357 1833 394 velamine.

227 403 395 449 λύμματι.

1217 514 1376 551 CAPUT
1400 514 1461 550 VI.

277 583 394 617 Ταῦτα
417 585 540 627 μέντοι
563 581 686 617 πάντα
710 579 912 628 διορίζομεν
941 582 1002 617 ἐπὶ
1031 583 1111 617 τῶν
1139 580 1189 627 μὴ
1211 581 1303 616 κατὰ

227 627 433 673 φιλοτιμίαν
457 627 729 669 ἐπιζητούντων
754 626 817 661 τὰς
842 625 904 661 δύο
920 626 1076 674 μεγάλας
1098 626 1219 662 κλίνας
1242 627 1303 661 τὰς

227 677 266 707 ἐν
298 675 349 715 τῷ
382 671 501 725 days-i
534 670 855 758 κειμηλιοέυλακίῳ
891 675 1071 717 κειμένας,
1108 674 1226 719 φαμὲν
1259 670 1302 715 δὴ

1423 580 1523 616 Haec
1546 581 1668 626 itaque
1699 581 1817 617 omnia
1847 581 2035 618 definimus
2066 591 2173 627 super
2202 581 2259 617 his
2290 580 2352 626 qui
2372 590 2445 617 non

1371 635 1435 671 per
1458 625 1735 662 munificentiam
1764 631 1939 672 quaerunt
1969 627 2060 663 duos
2087 627 2241 663 maiores
2270 627 2383 662 lectos
2406 625 2446 661 in

1371 671 1565 707 venerabili
1581 681 1746 707 vasorum
1763 671 1980 708 custodiario
1995 671 2144 718 positos,
2160 672 2311 708 dicimus
2325 673 2446 707 autem

227 717 399 752 Στουδίου
431 730 493 751 του
519 719 580 760 τῆς
604 715 687 751 ἑνδό
710 730 751 751 ου
781 715 921 762 μνήμης
943 720 1003 751 καὶ
1026 717 1215 763 Στεφάνου
1239 718 1302 751 τοῦ
1318 720 1359 751 10
1372 716 1488 752 Studii
1521 716 1695 760 gloriosae
1729 717 1922 753 memoriae
1956 719 1994 753 et
2027 717 2200 762 Stephani
2237 715 2446 762 magnificae

225 764 286 806 τῆς
309 762 600 809 μεγαλοπρεποῦς
623 762 772 807 μνήμης.
818 763 850 796 εἰ
879 762 947 810 γάρ
977 774 1032 797 τις
1062 765 1198 798 ἐκείνας
1221 766 1302 807 βου-

226 808 354 850 ληθείη
380 807 515 852 λαβεῖν,
549 805 597 842 ὠς
627 811 687 842 καὶ
710 805 928 854 ἀνθρώπων
957 806 1105 843 πολλῶν
1135 806 1304 852 δεομένας

226 856 284 886 καὶ
309 851 463 898 φυλακῆς
483 852 647 888 πλείονος
669 856 730 886 καὶ
753 850 858 896 ἄλλης
883 851 982 888 τινὸς
1004 851 1303 899 πολυπραγμοσύ-

1371 761 1574 797 memoriae.
1622 761 1661 796 Si
1684 762 1763 807 quis
1788 762 1880 797 enim
1906 762 1987 798 illos
2011 762 2163 798 voluerit
2183 762 2359 808 accipere,
2388 764 2445 798 ut-

1372 808 1457 852 pote
1487 809 1524 841 et
1545 806 1707 851 plurimis
1730 807 1932 843 hominibus
1962 809 2105 852 egentes
2137 809 2173 843 et
2193 806 2358 844 custodia
2379 816 2444 852 po-

1372 851 1455 887 tiori
1479 854 1516 886 et
1537 851 1681 887 omnino
1714 851 1868 904 quadam
1900 852 2108 888 curiositate
2140 862 2232 906 opus
2262 852 2445 890 habentes.

225 910 286 940 νης
309 897 519 944 χρῃζούσας,
550 899 656 932 τοῦτο
680 895 721 932 οὐ
745 897 976 939 συνάπτομεν
995 901 1069 932 τοῖς
1091 898 1304 943 ἔμπροσθεν
1372 897 1441 932 1100
1471 906 1544 931 11011
1575 897 1822 941 coniungimus
1852 897 1908 933 his
1939 907 2031 942 quae
2052 897 2153 943 prius
2177 897 2347 941 diximus,
2383 895 2447 932 sed

226 945 437 988 εἰρημένοις,
469 941 552 977 ἀλλ’
587 942 636 977 αἱς
671 941 863 989 φιλότιμον
893 941 1000 978 οἷνελό

225 987 362 1022 ὁπόσον
395 984 441 1021 ἂν
474 986 564 1034 ὑπὲρ
594 989 658 1022 τοῦ
688 988 803 1023 πόνου
834 984 957 1032 ἢῒοῖς
988 956 1148 1023 &civois
1178 1002 1200 1031 η
1228 991 1304 1022 ταῖς

225 1030 503 1077 εὐλαβεστάταις
526 1031 733 1079 ἀσκητρίαις
763 1031 785 1076 ἢ
816 1036 1019 1068 κανονικαῖς
1051 1031 1194 1068 διδόναι
1219 1044 1303 1076 συμ-

226 1077 419 1124 φωνήσειε,
450 1079 626 1112 τοσοῦτον
645 1081 704 1112 καὶ
729 1081 909 1124 παρέχειν,
941 1076 982 1112 οὔ
1005 1080 1130 1123 μέντοι
1154 1076 1303 1122 δυνάμε-

225 1137 291 1158 νον
314 1120 549 1170 ὑπερβαίνειν
572 1123 639 1167 τὴν
662 1124 741 1157 τῶν
764 1123 952 1159 duodecim
975 1123 1170 1159 solidorum
1194 1122 1303 1158 ποσό-

225 1182 317 1211 τητα
349 1170 410 1203 ἐπὶ
441 1169 520 1202 τῶν
550 1166 613 1202 δύο
636 1167 773 1203 κλινῶν
803 1170 867 1203 τοῦ
892 1166 1067 1203 Στουὸίου
1092 1181 1133 1203 τε
1157 1171 1218 1202 καὶ
1241 1168 1305 1202 τοῦ
1319 1169 1361 1202 20

225 1210 427 1260 Στεφάνου,
452 1215 512 1248 ἐπὶ
535 1211 575 1247 δὲ
593 1215 658 1248 τοῦ
677 1213 929 1260 χρυσοπάστου
952 1215 1015 1248 τοῦ
1033 1217 1194 1258 κειμένου
1214 1211 1306 1247 κατὰ

224 1258 292 1302 τὴν
315 1255 523 1306 ἁγιωτάτην
553 1257 710 1305 μεγάλην
741 1257 943 1302 ἐκκλησίαν,
975 1257 998 1302 ἥ
1025 1272 1067 1305 γε
1098 1257 1175 1293 ἑνὸς
1194 1256 1305 1303 μόνου

226 1305 288 1338 τοῦ
311 1301 393 1338 ἄντ’
414 1301 524 1338 αὐτοῦ
551 1301 599 1338 οἷς
622 1302 714 1338 εἰκὸς
735 1304 1180 1348 κατασκευασθησομένου,
1205 1305 1304 1348 quat-

226 1353 307 1384 tuor
322 1349 532 1385 Solidorum·
551 1350 630 1383 τῶν
643 1347 706 1391 [δὲ]
722 1347 929 1395 ἅσκητριῶν
944 1352 1004 1383 καὶ
1022 1349 1226 1384 κανονικῶν
1245 1351 1306 1382 καὶ

1046 954 1106 978 νος
1141 941 1302 999 γνρμην,
1320 945 1359 977 15
1372 945 1554 986 tamquam
1576 942 1781 977 munificam
1804 942 1975 979 exhibens
1999 942 2229 986 voluntatem,
2257 943 2445 987 quantum-

1373 997 1524 1068 §isui
1533 987 2446 1078 0152‘11’0iikssftffssfflussssitfffiftffl⁵33¹&ss

1373 1088 1446 1113 non
1470 1080 1589 1113 tamen
1611 1077 1732 1113 valens
1762 1078 2017 1114 transcendere
2044 1078 2231 1115 duodecim
2254 1077 2448 1114 solidorum

1398 1123 1609 1158 uantitatem
1632 1123 1670 1158 in
1694 1123 1835 1160 duobus
1863 1123 1966 1159 lectis
1989 1123 2106 1159 Studii
2128 1125 2166 1159 et
2188 1122 2377 1169 Stephani,
2408 1123 2448 1159 in

1375 1134 1545 1203 deaurato
1569 1170 1691 1203 autem
1712 1168 1832 1213 posito
1861 1167 1901 1203 in
1924 1168 2150 1205 sanctissima
2176 1169 2310 1204 maiore
2331 1167 2447 1204 eccle-

1374 1213 1446 1255 sia,
1478 1213 1533 1248 vel
1557 1223 1628 1249 uno
1653 1213 1729 1249 solo
1759 1223 1825 1258 pro
1853 1223 1897 1249 eo
1921 1213 2047 1250 forsan
2068 1213 2246 1258 faciendo,
2278 1214 2448 1258 quattuor

1375 1258 1585 1303 solidorum;
1610 1258 1772 1294 ascetriis
1795 1259 1913 1294 autem
1937 1262 1974 1294 et
1997 1258 2182 1295 canonicis
2212 1260 2249 1295 et
2271 1257 2447 1295 acoluthis

1376 1303 1534 1356 duplicia
1553 1303 1811 1355 accipientibus
1831 1313 1938 1348 quam
1957 1304 2057 1349 prius
2078 1303 2122 1339 de
2142 1304 2194 1339 eis
2216 1303 2447 1346 definivimus,

1375 1358 1507 1393 quippe
1527 1350 1563 1383 et
1580 1359 1659 1394 1pso
1678 1348 1852 1384 asceterio
1874 1351 1951 1391 (seu
1968 1349 2164 1392 canonicis)
2183 1349 2295 1394 gratis
2312 1348 2352 1384 in
2369 1348 2448 1384 aliis

226 1392 443 1428 ἀκολούθων
468 1392 686 1429 διπλασίονα
710 1396 958 1439 κομιζομένων
981 1393 1072 1442 ἢπερ
1092 1394 1306 1439 ἔμπροσθεν
1319 1396 1361 1429 25
1374 1394 1476 1429 lectis
1514 1394 1748 1438 praecedente
1787 1393 1935 1429 eandem
1978 1394 2176 1440 accipiente
2215 1393 2448 1440 quantitatem

227 1442 309 1485 περὶ
324 1436 445 1473 αὐτῶν
460 1437 654 1486 ὡρίσαμεν,
668 1437 804 1483 δηλαδὴ
817 1443 876 1473 καὶ
890 1437 1000 1473 αὐτοῦ
1013 1441 1078 1473 τοῦ
1089 1438 1306 1482 ἀσκητηρίου
1376 1448 1482 1484 quam
1518 1439 1626 1474 etiam
1660 1439 1798 1484 reliqua
1831 1439 2024 1484 asceteria3
2061 1441 2130 1475 hoc
2159 1440 2240 1485 ipso
2273 1441 2311 1475 et
2341 1447 2450 1491 super

225 1484 464 1531 <ἆσκητριῶν>
475 1483 555 1528 ἢτοι
572 1485 777 1519 κανονικῶν
792 1485 857 1518 τοῦ
873 1487 1003 1532 προῖκα
1019 1485 1174 1519 ἐπὶτῶν
1187 1482 1307 1519 ἄλλων
1376 1484 1554 1519 acoluthis
1587 1484 1808 1520 observando
1842 1484 1936 1529 quod
1963 1484 2222 1529 praediximus,
2254 1485 2295 1526 ut
2323 1487 2361 1520 et
2389 1483 2450 1520 Isti

227 1529 362 1564 κλινῶν
385 1526 578 1576 ἡγουμένου
609 1528 676 1573 τὴν
708 1528 821 1573 αὐτὴν
845 1527 1092 1574 λαμβάνοντος
1119 1528 1306 1572 ποσότητα
1375 1529 1524 1573 duplum
1547 1531 1674 1565 horum
1706 1539 1797 1574 quae
1819 1529 1890 1564 iam
1917 1539 1939 1564 a
1962 1530 2066 1566 nobis
2089 1529 2253 1565 ordinata
2280 1532 2367 1565 'sunt
2389 1538 2449 1565 ac-

228 1572 271 1618 ἣν
302 1577 362 1608 καὶ
394 1573 440 1608 τὰ
470 1573 580 1609 λοιπὰ
602 1574 816 1621 ἂσκητήρια·
849 1573 983 1609 ταύτοῦ
1012 1571 1139 1608 τούτου
1161 1577 1222 1608 καὶ
1245 1576 1306 1608 ἐπὶ
1376 1573 1520 1618 cipiant.
1569 1574 1718 1618 Quando
1753 1577 1873 1610 tamen
1907 1585 2000 1611 unus
2038 1575 2167 1611 horum
2200 1573 2310 1610 trium
2341 1574 2450 1610 fuerit

227 1621 302 1654 τῶν
326 1617 543 1654 ἀκολούθων
567 1618 835 1666 φυλαττομένου
859 1616 949 1666 ὅπερ
977 1618 1189 1665 φθάσαντες
1211 1620 1304 1654 εἴπο-
1318 1621 1362 1653 30
1375 1619 1490 1655 lectus
1512 1619 1550 1654 in
1574 1630 1644 1663 quo
1667 1619 1776 1656 funus
1801 1620 1926 1664 agitur,
1957 1620 1995 1655 id
2018 1621 2159 1656 volente
2205 1620 2243 1655 ui
2265 1619 2335 1656 hoc
2358 1619 2448 1656 cele-

226 1679 304 1709 μεν,
330 1663 416 1699 ὥςτε
439 1667 500 1699 καὶ
523 1665 667 1699 τούτους
690 1662 883 1700 διπλάσιον
908 1666 987 1699 τῶν
1007 1663 1073 1708 ἤδη
1094 1662 1185 1711 παρ’
1202 1661 1305 1719 ἡμῶν
1373 1665 1475 1707 brat,
1509 1665 1640 1709 quippe
1657 1665 1738 1704 ‚deo
1771 1664 1984 1701 amabilibus
2017 1664 2194 1701 defensori
2219 1675 2262 1701 us
2292 1663 2448 1700 necessi-

229 1709 523 1757 διατεταγμένων
546 1710 773 1754 κομίζεσθαι.
786 1745 804 1752 Ο
818 1706 907 1744 ὅταν
930 1712 1055 1754 μέντοι
1077 1714 1143 1753 μία
1162 1722 1306 1743 τουτων
1374 1712 1485 1744 tatem
1515 1710 1730 1746 habentibus
1763 1720 1917 1755 corpora
1948 1710 2166 1746 decanorum
2194 1710 2366 1756 praebere
2395 1708 2450 1756 (e)

228 1756 306 1790 τῶν
326 1756 441 1802 τριῶν
461 1755 514 1799 εἴη
534 1753 677 1798 κλινῶν,
703 1752 763 1801 ἐφ’
784 1753 822 1798 ἧς
842 1753 864 1798 ἡ
883 1753 1007 1798 κηδεία
1024 1758 1173 1802 γίνεται,
1198 1755 1305 1788 τοῦτο
1376 1754 1504 1799 quibus
1530 1755 1580 1790 eis
1606 1755 1853 1800 deputavimus
1874 1755 2088 1801 octingentis
2107 1755 2252 1792 decanis
2272 1757 2310 1791 et
2325 1755 2448 1799 lectos,

228 1799 446 1845 βουλομένου
462 1801 525 1835 τοῦ
543 1798 680 1843 ταύτην
697 1798 960 1841 ἐπιτελοῦντος,
982 1798 1118 1843 δηλαδὴ
1131 1800 1209 1834 τῶν
1222 1800 1304 1833 θεο-
1375 1810 1448 1835 11011
1471 1803 1590 1836 tamen
1622 1810 1814 1846 expensam
1843 1800 1966 1838 facere
1987 1801 2164 1847 aliquam3
2198 1800 2264 1838 deo
2289 1798 2448 1836 amabili·

229 1844 456 1891 φιλεστᾶτων
475 1843 629 1879 ἐκδίκων
648 1843 807 1891 ἀνάγκην
823 1844 984 1888 ἐχόντων
1001 1844 1045 1879 τὰ
1061 1843 1213 1889 σώματα
1228 1846 1306 1879 τῶν
1319 1846 1362 1879 35
1789 1849 1792 1852 ’

229 1890 394 1926 δεκανῶν
418 1893 587 1938 παρέχειν
611 1891 649 1931 ἐξ
674 1890 728 1925 ὡν
749 1888 866 1924 αὐτοῖς
889 1887 1133 1935 ἇπενείμαμεν
1159 1887 1307 1923 ὀκτακο-

229 1940 321 1971 σίων
341 1938 359 1969 ἐ
379 1939 587 1983 γαστηρίων
609 1938 669 1970 καὶ
693 1934 755 1970 τὰς
778 1934 908 1978 κλίνας,
933 1932 974 1969 οὗ
994 1938 1119 1980 μέντοι
1142 1932 1310 1978 δαπάνην

229 1993 349 2018 ποιεισ
382 1984 422 2015 ac
434 1992 537 2016 τινα·
561 1982 639 2016 τῶν
654 1979 954 2027 θεοφιλεστάτων
973 1979 1175 2025 οἰκονόμων
1198 1977 1307 2027 ἀναγ·

2249 2046 2292 2049 ..-
2298 2046 2399 2051 η-,η
2405 2046 2448 2053 ..-

223 2074 375 2119 praesto
399 2071 449 2106 sit
471 2081 550 2106 cum
575 2074 657 2106 octo
683 2070 848 2106 ascetriis
872 2070 928 2106 vel
947 2070 1132 2106 canonicis
1155 2073 1192 2105 et
1215 2069 1329 2105 tribus
1348 2073 1389 2104 ut
1411 2068 1544 2104 dictum
1567 2072 1621 2105 est
1644 2068 1844 2104 acoluthis.-
1876 2080 1946 2105 neu
1969 2069 2163 2115 quicquam
2186 2069 2333 2106 omnino
2356 2069 2449 2107 aoei-

224 2117 332 2164 piant
355 2127 442 2152 neve
463 2119 619 2162 propter
642 2114 747 2151 datos
770 2126 894 2151 cereos
916 2115 1070 2167 exigant
1093 2119 1158 2150 aut
1180 2114 1292 2150 alium
1315 2113 1459 2149 modum
1474 2125 1548 2161 per
1572 2114 1683 2150 alium
1700 2118 1939 2161 praetextum
1961 2114 2182 2195 excogitent.

247 2180 251 2185 -
361 2161 423 2197 VI.
471 2160 575 2196 Haec
600 2164 718 2196 tamen
743 2161 863 2196 omnia
883 2161 1073 2206 definimus
1094 2159 1138 2196 de
1160 2160 1206 2195 iis
1230 2159 1293 2206 qui
1313 2170 1387 2195 non
1403 2170 1477 2206 per
1500 2159 1729 2195 ambitionem
1757 2159 1851 2195 duos
1872 2170 2026 2206 maqnos
2524 2178 2526 2180 ν

227 2208 266 2242 in
296 2217 402 2242 sacro
431 2206 617 2253 pretiosae
645 2206 906 2253 suppellectilis
938 2205 1108 2241 thesauro
1146 2205 1261 2251 positi
1296 2209 1400 2247 sunt,
1437 2204 1559 2240 Stadii
1588 2204 1740 2240 dicimus
1770 2204 1954 2250 qloriosae
1984 2204 2178 2240 memoriae
2207 2208 2244 2240 et
2275 2203 2453 2250 Stephani
2508 2214 2526 2224 ‘v

228 2252 443 2299 magnificae
466 2252 668 2288 memoriae.
715 2250 810 2286 Nam
833 2252 866 2286 si
914 2251 971 2287 uis
993 2250 1078 2286 illos
1101 2250 1233 2286 habere
1257 2250 1351 2293 velit,
1375 2253 1501 2297 utpote
1520 2250 1585 2296 qui
1604 2249 1726 2285 multis
1749 2249 1952 2285 hominibus
1973 2260 2066 2297 opus
2080 2249 2212 2285 habent
2233 2253 2268 2285 et
2288 2248 2452 2287 custodia

228 2300 365 2334 maiore
389 2301 423 2333 ct
446 2297 521 2332 alia
546 2307 690 2343 quoque
711 2296 870 2332 sollicita
897 2307 954 2332 ine
976 2295 1157 2342 indiqent,
1181 2295 1221 2331 id
1242 2306 1315 2331 non
1339 2296 1555 2331 conectimus
1582 2295 1628 2330 iis
1651 2306 1745 2341 quae
1767 2306 1810 2330 su
1838 2306 1881 2330 ra
1905 2294 2002 2331 dicta
2025 2298 2122 2338 sunt,
2151 2293 2217 2330 sed
2237 2305 2318 2330 cum
2339 2289 2450 2331 ambio
2494 2339 2496 2343 y

230 2344 359 2379 tiosam
384 2342 556 2379 eoelzibeat
578 2342 811 2384 voluntatem,
836 2345 1164 2388 quantumcumque
1186 2352 1263 2388 pro
1288 2340 1414 2377 labore
1437 2340 1494 2376 vel
1514 2340 1662 2377 decanis
1684 2340 1742 2376 vel
1762 2351 1802 2376 re
1816 2340 2044 2387 iqiosissimis
2068 2339 2232 2376 ascetriis
2254 2343 2321 2376 aut
2342 2349 2458 2381 cano-,A
2495 2350 2499 2354 ’

2081 2162 2159 2194 ctos
2177 2159 2369 2205 requirunt
2387 2158 2454 2206 qui
2501 2147 2518 2183 ⁴³

229 2389 320 2423 nicis
343 2387 431 2424 dare
447 2387 655 2434 pepiqerit‚
687 2390 826 2423 tantum
843 2388 1042 2434 praebeat,
1074 2391 1116 2422 ut
1137 2385 1177 2421 id
1200 2390 1318 2422 tamen
1341 2385 1527 2422 duodecim
1550 2385 1750 2421 solidorum
1779 2386 2018 2432 quantitatem
2040 2384 2217 2422 excedere
2238 2383 2461 2437 non-possit*
2524 2394 2526 2396 “

228 2434 266 2468 in
290 2433 430 2469 duobus
454 2433 556 2468 lectis
579 2431 701 2467 Studii
724 2436 760 2468 et
780 2431 975 2484 Stephani,
1005 2432 1045 2466 in
1068 2432 1245 2467 deaurato
1270 2442 1354 2467 vero
1387 2432 1453 2477 qui
1470 2431 1616 2477 positus
1648 2435 1702 2466 est
1731 2431 1770 2465 in
1792 2430 2020 2466 sanctissima
2043 2441 2176 2477 maqna
2199 2429 2366 2473 ecclesia,
2396 2426 2454 2469 vol

229 2483 325 2514 certe
354 2489 427 2514 uno
452 2478 531 2513 solo
563 2478 627 2523 qui
655 2477 794 2513 scilicet
822 2489 860 2512 in
891 2479 968 2513 eius
998 2477 1118 2513 locum
1149 2476 1372 2522 conficietur,
1405 2480 1580 2523 quattuor
1603 2475 1820 2512 solidorum:
1854 2479 1897 2511 ut
1923 2476 2102 2512 ascetriae
2130 2479 2166 2511 et
2192 2474 2390 2511 canonicae
2416 2476 2454 2518 et
2512 2480 2514 2484 ·

230 2522 391 2558 acoluthi
414 2522 581 2574 duplicia·
607 2534 715 2568 quam
739 2526 849 2559 antea
880 2523 925 2559 de
948 2523 994 2558 iis
1018 2521 1243 2574 definivimus
1279 2521 1473 2568 auferant,
1517 2532 1562 2557 ac
1593 2524 1666 2556 tum
1696 2521 1815 2568 ipsum
1850 2531 1994 2567 quoque
2024 2520 2236 2557 asceterium
2265 2519 2452 2566 <ascema-
2519 2556 2524 2566 ,

229 2567 327 2612 rum>
361 2567 416 2604 vel
450 2578 725 2619 canonicarum,
769 2568 870 2614 quod
902 2568 941 2603 in
976 2567 1147 2619 reliquis·
1164 2567 1264 2619 lectis
1297 2567 1416 2619 qratis
1444 2566 1637 2619 praecedit
1642 2593 1654 2610 ,
1696 2565 1845 2602 eandem
1881 2566 2119 2618 quantitatem
2154 2565 2233 2601 acci
2258 2565 2314 2601 iat
2345 2574 2454 2612 quam

230 2618 349 2649 cetera
373 2617 550 2648 asceteria
558 2625 573 2654 ,·
603 2612 768 2659 idemque
790 2613 898 2649 etiam
922 2613 960 2648 in
984 2611 1176 2655 acoluthis,
1199 2615 1308 2648 sicuti
1331 2611 1438 2648 modo
1463 2611 1635 2654 diximus,
1662 2611 1879 2654 observetur,
1915 2615 1957 2647 ut
1977 2610 2030 2646 alls
2056 2621 2200 2663 quoque
2247 2609 2372 2656 aptum
2392 2619 2452 2662 ςσ-

230 2669 309 2693 rum
334 2668 428 2702 quae
460 2659 530 2692 iam
554 2669 577 2692 a
601 2657 704 2693 nobis
733 2659 930 2694 constituta
956 2662 1043 2694 sunt
1072 2658 1256 2703 auferant.
1309 2655 1377 2692 Ubi
1397 2667 1482 2693 vero
1507 2667 1601 2692 unus
1623 2657 1672 2692 sit
1693 2668 1744 2693 ex
1767 2655 1824 2692 his
1848 2655 1962 2692 tribus
1985 2655 2097 2698 lectis,
2120 2666 2159 2691 m
2182 2666 2255 2707 quo
2277 2663 2455 2708 exequat
2508 2656 2532 2672 ²

228 2702 339 2747 fiant,
376 2713 455 2737 cum
486 2697 524 2737 id
555 2701 712 2738 voluerit
746 2703 810 2749 qui
838 2715 900 2739 eas
932 2703 1178 2739 celebraturus
1207 2706 1281 2745 est,
1317 2706 1412 2738 certe
1446 2701 1513 2738 deo
1548 2701 1744 2737 carissimis
1778 2700 2032 2747 defensoribus
2065 2703 2258 2737 necessttas
2287 2701 2452 2747 immma-

233 2752 292 2783 tur
323 2757 483 2794 corpora
514 2746 733 2783 decanorum
764 2759 814 2784 ex
847 2749 1062 2795 octinqentis
1096 2759 1190 2794 quae
1225 2748 1270 2783 iis
1299 2747 1555 2783 destinavimus
1587 2747 1748 2794 officinis
1782 2751 1818 2782 et
1848 2746 1960 2783 lectos
1994 2745 2206 2789 exhibendi,
2240 2755 2307 2782 nec
2337 2747 2454 2782 tamen
2522 2758 2526 2765 ¹

283 2840 303 2872 2
326 2834 556 2882 ἀσκητηρίων
568 2838 600 2870 L
616 2837 628 2880 ΙΙ
654 2839 672 2871 3
694 2834 809 2880 οὐδὲν]
837 2835 918 2872 οὐδὲ
931 2840 963 2872 L
978 2840 990 2882 ΙΙ
1016 2842 1037 2873 4
1056 2836 1078 2881 ἢ
1099 2841 1230 2874 addidit
1240 2840 1310 2873 Za·
1343 2849 1345 2876 ι
1378 2838 1471 2871 tione
1490 2852 1507 2872 r
1521 2837 1534 2883 ΙΙ
1552 2838 1717 2871 eireorum
1739 2838 1772 2871 V
1784 2837 1796 2880 ss
1812 2839 1834 2871 4
1853 2839 1887 2870 et
1904 2844 1936 2871 et
1955 2840 1975 2872 5
1991 2836 2058 2870 alio
2082 2849 2140 2870 om.
2154 2850 2171 2870 r
2187 2836 2201 2881 ΙΙ
2226 2839 2245 2870 ’1
2270 2835 2453 2870 diffinimus

232 2885 365 2918 chariae
377 2882 390 2926 ΙΙ
402 2884 421 2916 8
436 2880 557 2915 κλίνας
566 2882 630 2923 Le]
645 2881 832 2917 ταύταςΜ
843 2881 976 2917 ταύτας
989 2882 1110 2918 κλίνας
1123 2885 1287 2929 Scrimqer
1344 2877 1346 2894 ³
1380 2897 1397 2917 r
1413 2883 1447 2917 V
1458 2883 1471 2927 ΙΙ
1487 2884 1557 2925 qui]
1572 2883 1652 2925 quia
1671 2896 1689 2916 r
1704 2881 1760 2927 Vn
1784 2884 1805 2917 9
1816 2881 1923 2915 uabili
1935 2895 1953 2915 r
1967 2882 1980 2927 ΙΙ
2004 2882 2156 2923 dicimus]
2170 2881 2286 2924 011186.
2297 2890 2408 2916 &omn
2448 2895 2450 2898 ·
2482 2898 2483 2901 ¹
2514 2908 2518 2915 .

233 2931 253 2962 9
278 2925 323 2970 δὴ
335 2928 393 2968 Μ]
419 2923 459 2960 δὲ
483 2928 514 2960 L
538 2927 551 2970 11
576 2928 615 2960 13
641 2924 745 2970 ἄλλης
757 2928 814 2969 Μ]
839 2924 930 2962 ὅλως
955 2930 1007 2964 Le
1030 2928 1043 2973 ΙΙ
1075 2931 1115 2964 16
1135 2926 1158 2971 ἢ
1181 2931 1265 2971 τοῖς]
1290 2941 1312 2971 η
1344 2919 1347 2958 i
1375 2942 1439 2973 pro
1464 2928 1549 2970 dffis)
1573 2942 1590 2962 r
1611 2927 1624 2972 Η
1656 2930 1695 2962 11
1723 2927 1870 2960 uoluerit
1893 2927 2040 2970 accipere
2063 2926 2140 2960 illos
2165 2941 2183 2961 r
2206 2927 2220 2971 ΙΙ
2245 2927 2363 2970 utpute
2393 2889 2455 2971 Vni

234 2985 323 3009 oms
338 2973 350 3015 ΙΙ
372 2974 412 3007 19
425 2972 604 3004 duodecem
616 2972 857 3016 solidorumM,
871 2970 1013 3007 δώδεκα
1025 2985 1103 3017 νομ.
1116 2974 1163 3007 M
1164 2988 1190 3009 s.
1201 2988 1243 3016 v.,
1256 2975 1288 3008 L
1301 2974 1313 3018 ΙΙ
1383 2974 1424 3008 12
1448 2973 1602 3017 plurimis
1626 2975 1655 3015 r]
1679 2972 1833 3015 pluribus
1853 2973 1978 3017 Vvulq.

234 3021 277 3053 20
301 3020 361 3052 καὶ
384 3018 460 3058 τοῦ]
485 3016 548 3050 τοῦ
573 3017 706 3070 om.LU
725 3018 767 3051 22
784 3015 833 3060 *ἦ
876 3031 892 3051 ε
912 3016 990 3051 ἑνὸς
1012 3016 1124 3062 μόνου
1147 3021 1202 3063 (cf.
1220 3031 1240 3055 ς
1260 3019 1311 3052 vel
1380 3019 1455 3052 dam
1480 3032 1497 3053 r
1532 3029 1630 3060 quam
1659 3018 1694 3052 V
1715 3017 1729 3062 ΙΙ
1755 3018 1981 3051 curiositatem

234 3075 302 3098 uno
322 3062 418 3105 solo)]
443 3062 478 3095 εἴ
496 3074 536 3108 γε
560 3059 637 3095 ἑνὸς
658 3074 771 3103 μονου
797 3031 874 3096 11ίῖ
893 3065 964 3103 (καὶ
989 3064 1229 3107 εἰκονισμένου
1243 3065 1312 3098 Za-

235 3110 379 3150 chariae,
404 3110 437 3142 in
462 3108 508 3141 M
527 3114 636 3140 extare
659 3109 719 3140 καὶ
744 3109 929 3151 affirmans)
957 3107 969 3152 ΙΙ
994 3110 1035 3142 23
1057 3112 1215 3150 quattuor
1234 3109 1313 3142 soli-

235 3156 352 3208 dorum
370 3154 430 3194 M]
453 3149 642 3209 τεσσάρων
665 3163 743 3195 νομ.
766 3153 842 3204 Μές.
856 3166 897 3194 υ.,
914 3153 945 3185 L
968 3152 1050 3204 {134
1074 3150 1141 3186 *ὃὲ
1163 3156 1280 3205 seclusi
1302 3155 1313 3198 ΙΙ

235 3197 536 3288 ῗέιῖἷῖἴιῖῗῖἕῖρῃ
563 3198 1012 3286 ιἰιαὲῗῖἰῖἴιῗὲἷὲἤῗένιῖ
1024 3210 1314 3278 ἶῖλοὲἶῗὲἶξέἴξ

236 3293 292 3333 (cs.
307 3291 383 3331 320,
399 3290 472 3331 3⁴):
497 3290 563 3323 nisi
583 3289 678 3322 malis
702 3288 807 3321 delere
827 3300 875 3320 υυ.
890 3284 968 3329 ἢτοι
984 3287 1187 3320 κανονικῶν
1202 3287 1214 3332 ΙΙ
1241 3289 1314 3329 ἐπὶ]

236 3355 307 3392 ὑπὸ
321 3358 352 3390 L
369 3357 381 3401 ιι
407 3358 450 3391 32
470 3345 567 3391 τούξ
578 3357 649 3398 (³10)
665 3355 731 3399 Μιι
758 3357 802 3388 34
814 3353 1066 3397 ιπιμελοῦνως
1080 3355 1111 3387 L
1130 3353 1143 3398 ιι
1159 3356 1200 3388 37
1214 3356 1315 3400 ἐργα-

238 3414 398 3482 στηριιων
411 3403 618 3443 Haloander]
639 3397 803 3434 δεκανῶν
816 3401 894 3433 libri
907 3399 919 3443 [ι
937 3401 1009 3440 καὶ]
1031 3396 1090 3431 διὰ
1102 3400 1154 3432 vel
1166 3399 1213 3433 εἰς
1225 3401 1316 3434 malit

239 3449 310 3482 Zac
336 3449 427 3482 ariae
444 3447 456 3491 ΙΙ
479 3448 522 3481 38
541 3444 754 3490 οἰκονόμων]
777 3441 932 3478 ἐκδίκων
956 3444 1007 3477 L⁰

1380 3109 1449 3142 11ἱοί
1468 3123 1485 3143 r
1501 3109 1514 3153 11
1530 3108 1637 3142 *dare
1656 3110 1773 3151 pactus
1792 3108 1857 3142 erit
1876 3109 1931 3152 (cs.
1945 3107 2066 3142 Iulian.
2081 3109 2242 3150 quantum
2265 3103 2429 3149 pepigerit

1381 3155 1459 3187 dare
1470 3156 1654 3197 potuerunt
1669 3167 1687 3187 r
1709 3153 1909 3197 placuerunt
1921 3153 1998 3186 dare
2019 3153 2053 3186 V
2069 3153 2147 3186 dare
2158 3151 2321 3195 placuerit
2333 3162 2375 3185 vu
2409 3174 2418 3184 .
2507 3166 2509 3173 ι

1384 3201 1425 3234 18
1450 3199 1677 3233 transcindere
1700 3211 1719 3232 r
1738 3197 1793 3243 Vss
1811 3198 1942 3231 duocim
1963 3197 2020 3242 Vfl
2045 3199 2086 3233 19
2111 3196 2304 3240 qualitatem
2322 3196 2374 3229 V·
2415 3192 2453 3228 in

1382 3244 1540 3278 deaurato
1557 3245 1603 3286 V]
1615 3243 1836 3277 indesiderato
1850 3257 1867 3277 r
1881 3245 1894 3288 ΙΙ
1913 3244 1957 3277 20
1969 3245 2090 3284 autem]
2105 3245 2144 3275 ut
2155 3255 2173 3275 r
2189 3242 2202 3285 ΙΙ
2219 3243 2257 3276 21
2273 3239 2344 3274 solo
2355 3238 2439 3284 vulq-

1382 3289 1488 3322 solido
1501 3302 1518 3323 r
1527 3289 1585 3334 Vfl
1601 3289 1725 3322 forsam
1740 3299 1801 3331 pro
1815 3299 1853 3321 eo
1866 3301 1884 3321 r
1901 3287 1914 3331 ΙΙ
1930 3289 1972 3322 22
1986 3288 2148 3321 asciteriis
2164 3283 2396 3320 Vasscisteriis
2405 3294 2425 3317 r

1383 3337 1493 3367 autem
1510 3336 1543 3368 et
1562 3335 1609 3376 V]

1384 3379 1423 3412 de
1440 3380 1487 3412 eis
1503 3394 1520 3413 r
1543 3378 1692 3423 deis-Vll
1713 3378 1933 3411 diffiniuimus
1956 3391 1974 3411 r
1996 3378 2009 3422 ΙΙ
2038 3379 2083 3412 24
2105 3376 2257 3410 asciterio
2278 3374 2452 3410 Vassiste·

1386 3423 1435 3456 rio
1459 3437 1477 3457 r
1503 3423 1516 3467 ΙΙ
1547 3425 1589 3458 25
1615 3424 1802 3466 quantitate
1822 3423 1857 3457 V
1875 3426 1888 3464 u
1918 3424 1962 3457 26
1985 3422 2137 3456 asciteria
2156 3422 2189 3455 V
2207 3419 2388 3455 maaria
2405 3414 2454 3506 r'

1385 3468 1464 3501 haec
1488 3482 1505 3501 r
1523 3467 1535 3512 ΙΙ
1552 3470 1594 3503 28
1617 3471 1684 3502 iam
1709 3482 1767 3502 om.
1792 3469 1826 3502 V
1864 3468 2031 3511 accipiant
2046 3468 2144 3512 only]
2169 3466 2338 3509 accipiunt
2359 3476 2377 3497 r
2392 3462 2426 3496 V

1259 3543 1310 3546 γῇ
1385 3513 1427 3546 29
1442 3513 1575 3553 quando
1586 3516 1696 3547 tamen
1709 3524 1797 3547 unus
1851 3515 1863 3555 ]
1884 3515 2046 3556 quantum
2062 3525 2079 3546 r
2093 3513 2106 3556 ss
2124 3513 2260 3545 fuerunt
2277 3509 2321 3555 νΙΙ
2339 3509 2382 3543 30
2393 3516 2453 3541 uo·-

1383 3556 1489 3590 lentes
1512 3571 1529 3590 r
1555 3559 1568 3601 Ιι
1599 3560 1669 3600 qui]
1693 3569 1752 3601 per
1774 3557 1839 3602 711
1867 3558 2036 3592 celebrant
2058 3571 2076 3591 r
2104 3556 2117 3601 ΙΙ
2144 3557 2188 3590 32
2211 3567 2229 3589 e
2251 3568 2310 3589 om.
2335 3553 2412 3588 libra·
2440 3549 2453 3594 Ε

288 3607 302 3638 1
330 3606 393 3648 ipsi
417 3619 434 3639 r
459 3604 466 3649 Ι
502 3605 687 3638 ascisterias
707 3604 741 3637 V
758 3602 938 3636 assistet-ias
961 3615 979 3635 r
1004 3600 1017 3645 ΙΙ
1047 3602 1068 3635 2
1092 3600 1222 3633 acolitis
1255 3602 1288 3634 V
1304 3600 1317 3646 ΙΙ
1384 3603 1427 3635 33
1452 3602 1499 3634 eis
1520 3603 1566 3643 V]
1591 3604 1627 3636 in
1651 3604 1697 3636 eis
1720 3615 1738 3635 r
1766 3601 1779 3646 ΙΙ
1808 3602 1982 3645 octigentis
2006 3602 2052 3646 νΙΙ
2081 3603 2114 3634 et
2137 3614 2196 3635 om.
2218 3601 2251 3634 V
2268 3598 2282 3644 ΙΙ
2308 3599 2412 3632 lectus
2434 3606 2452 3628 r

242 3652 261 3682 3
286 3651 463 3693 accipienti
488 3653 537 3691 us]
569 3652 602 3683 et
624 3648 866 3692 accipientibus
887 3648 921 3682 V
943 3646 956 3691 ΙΙ
982 3657 1043 3690 pro
1066 3657 1234 3680 cereorum
1259 3646 1315 3679 da·
1383 3646 1506 3680 lectum
1528 3647 1588 3691 711
1622 3649 1665 3681 34
1689 3657 1870 3689 expensans
1891 3647 1942 3681 V⁰
1971 3657 2127 3690 expensas
2151 3659 2169 3680 r
2188 3644 2202 3691 Ε
2231 3642 2407 3678 mabilibu·
2425 3637 2458 3674 V

2036 2972 2190 3005 omnibus
2213 2985 2230 3005 r
2253 2971 2266 3016 ΙΙ
2293 2973 2332 3006 13
2355 2979 2454 3013 quae-
2500 2975 2504 2982 '

2051 3017 2065 3061 fl
2092 3019 2186 3060 opus]
2210 3027 2253 3060 op
2277 3028 2360 3050 eras.
2381 3011 2454 3060 71
2512 3034 2513 3039 =

1383 3066 1426 3099 14
1444 3066 1540 3106 quae]
1562 3074 1659 3106 quem
1678 3076 1696 3096 r
1713 3062 1726 3107 ΙΙ
1751 3063 1793 3097 16
1808 3062 1969 3096 asciteriis
1988 3062 2023 3096 V
2035 3062 2211 3095 ascisteriis
2227 3075 2244 3095 r
2259 3061 2273 3105 ΙΙ
2298 3063 2339 3096 17
2355 3062 2453 3094 moi
2516 3077 2529 3099 ς

1634 3336 1693 3367 aut
1715 3334 1830 3378 rvuzy.
1848 3333 1861 3377 ιι
1886 3334 1929 3367 23
1941 3333 2091 3376 dupplici
2114 3332 2158 3376 ru
2176 3332 2217 3365 de
2240 3331 2298 3373 eis]
2322 3330 2362 3363 de
2385 3328 2455 3363 aa·
2513 3319 2516 3321 ’
2539 3347 2544 3358 ι
2579 3308 2583 3317 ’
