2592 3840
212 73 319 117 Nov.
349 74 527 117 vam
563 78 578 115 1
949 64 951 66 ’
1270 72 1356 119 348
2051 89 2112 121 nm
2141 87 2432 122 conam-uno

214 183 506 228 τελευτησάντων
529 183 675 220 παίδων
706 181 727 227 ἢ
758 183 930 231 ἐγγόνων,
965 184 1036 219 εἴτε
1069 189 1183 231 γονεῖς
1218 186 1290 221 εἶεν
1357 186 1430 222 sive
1452 188 1621 231 parentes
1645 186 1717 222 sint
1741 186 1813 222 sive
1837 186 1896 222 alii
1920 186 2081 231 quidam,
2115 187 2246 223 habere
2269 188 2350 223 inde
2374 198 2431 223 so·

215 231 286 266 εἴτε
310 232 425 277 ἕτεροί
446 243 556 273 τινες,
580 234 674 274 ἔχειν
698 231 839 264 ἐκεῖθέν
859 242 942 263 τινα
962 228 1153 273 βοήθειαν,
1177 228 1290 276 μόνου
1358 231 1497 274 lanium,
1522 231 1599 267 solo
1616 234 1724 276 pacto
1749 232 1843 276 quod
1866 241 1910 267 ex
1929 236 2043 267 morte
2062 231 2143 267 filiis
2158 242 2230 268 non
2250 233 2432 269 existenti-

214 277 278 310 τοῦ
297 273 370 310 ἀπὸ
390 276 551 319 τελευτῆς
574 277 612 317 ἐξ
633 273 802 310 ἀπαιδίας
825 274 1019 319 συμφώνου
1038 278 1208 319 μένοντος
1231 280 1289 311 καὶ
1359 276 1427 311 bus
1451 276 1671 312 contrahitur
1694 280 1860 312 manente
1885 276 1989 312 etiam
2014 276 2208 312 seeundum
2231 278 2431 323 proprieta-

215 319 306 356 κατὰ
328 320 541 357 δεσποτείαν
565 321 663 367 παρὰ
683 322 735 363 τῷ
757 316 990 365 κερδάναντι,
1014 321 1078 354 τοῦ
1101 320 1225 357 λοιποῦ
1251 320 1291 356 δὲ
1359 325 1429 356 tem
1452 330 1474 356 a
1500 321 1548 356 ud
1570 322 1787 364 lucrantem,
1822 321 1966 367 reliquis
1990 324 2109 358 autem
2133 322 2178 357 ad
2202 322 2349 358 heredes
2372 322 2431 358 de-

216 368 276 401 ἐπὶ
307 366 388 401 τούς
420 364 654 413 κληρονόμους
684 367 759 399 τῶν
783 362 1077 408 τελευτησάντων
1101 364 1247 401 παίδων
1270 366 1292 410 ἢ
1327 366 1554 402 5ficient1um
1578 365 1730 403 filiorum
1753 370 1816 403 aut
1838 370 2006 412 nepotum
2029 367 2261 411 venientibus,
2281 367 2318 402 in
2337 367 2432 403 nullo

217 412 377 458 ἐγγόνων
401 411 532 454 ἰόντος,
566 409 650 445 κατ’
677 407 782 444 οὐδὲν
804 407 870 456 ὑφ’
897 407 1001 454 ἡμῶν
1029 412 1094 445 τοῦ
1122 413 1183 455 τῆς
1212 412 1291 459 χρή-
1360 422 1382 446 a
1406 410 1507 447 nobis
1531 412 1757 448 ususfructus
1780 412 1920 448 ratione
1943 416 2084 448 novata.

215 459 237 492 1
283 468 372 491 σεως
396 456 499 504 λόγου
523 456 783 490 καινισθεντος.
852 456 970 489 Ταῦτα
995 460 1119 490 τοίνυν
1141 460 1202 491 καὶ
1225 459 1292 491 νῦν
1359 459 1381 492 1
1437 455 1537 492 Haec
1572 457 1678 500 igitur
1717 460 1753 493 et
1789 468 1884 493 nunc
1925 458 1963 493 in
1999 467 2101 493 omne
2142 460 2282 502 tempus
2315 456 2433 493 valere

216 505 275 535 καὶ
299 503 347 536 εἰς
379 502 443 536 τὸν
467 501 613 537 ἅπαντα
636 500 767 547 χρόνον
790 503 935 548 κρατεῖν
958 499 1176 546 βουλόμεθα,
1197 501 1292 546 πλὴν
1360 502 1540 547 volumus;
1566 501 1635 537 nisi
1655 505 1774 538 tamen
1794 503 1942 548 contigit
1961 502 2054 539 filios
2074 504 2266 547 antequam
2282 511 2432 547 ponere·

215 547 309 590 εἰμὴ
332 550 457 590 ἔτυχον
481 547 517 580 οἱ
539 545 662 581 παῖδες
680 549 767 592 πρὶν
790 543 811 589 ἢ
839 546 994 589 τεθῆναι
1022 546 1089 591 τὴν
1117 545 1292 594 ἡμετέραν
1360 551 1420 582 tur
1438 550 1563 582 nostra
1583 547 1789 584 constitutio
1813 549 1914 588 mori.
1954 548 1991 583 Si
2010 548 2102 584 enim
2123 547 2269 593 contigit
2293 546 2433 591 quidem

215 590 379 632 διάταξιν
401 590 694 635 τετελευτηκότες.
743 589 866 634 ἐπειδὴ
890 591 958 638 γὰρ
982 592 1082 637 ἔφθη
1105 593 1148 628 τὸ
1171 591 1293 638 κέρδος
1308 593 1498 628 lOlucrum
1528 595 1642 628 totum
1674 596 1757 628 ante
1779 593 1924 638 nuptias
1946 593 2016 629 iam
2038 593 2173 629 factum
2196 593 2272 628 eius
2304 591 2364 637 qui
2387 592 2434 627 ad

214 635 406 682 ὁλόκληρον
425 635 491 680 ἤδη
512 636 792 684 προςγενόμενον
814 638 868 680 τῷ
887 640 962 671 τοῖς
980 635 1155 684 δευτέροις
1173 635 1291 687 ὁμιλή-
1360 637 1518 674 secunda
1548 639 1633 673 vota
1662 637 1839 682 migravit,
1877 638 1960 675 filiis
1987 642 2071 674 ante
2100 638 2213 683 legem
2243 636 2433 681 defunctis,

215 694 321 716 σαντι
340 680 464 729 γάμοις
485 683 562 716 τῶν
581 680 727 717 παίδων
751 680 821 728 πρὸ
845 683 908 716 τοῦ
928 681 1039 727 νόμου
1062 682 1291 726 τελευτησάν-
1360 693 1404 719 ne
1430 692 1585 728 uaquam
1607 686 1732 719 nostra
1753 684 1812 719 lex
1826 683 1891 720 illa
1908 683 2195 729 perscrutabitur
2218 692 2310 728 quae
2328 692 2433 728 prae-

215 740 301 778 των,
334 725 397 761 οὐκ
428 724 473 760 ἂν
504 725 523 762 ὁ
549 725 712 771 ἡμέτερος
735 727 842 772 νόμος
869 729 985 762 ἐκεῖνα
1010 727 1291 775 περιεργάζοιτο,
1361 739 1401 764 ce
1427 739 1489 764 ens
1513 728 1571 764 lex
1593 727 1725 765 Leonis
1749 729 1830 774 piae
1853 729 2044 765 memoriae
2068 729 2136 765 sub
2159 738 2226 765 sua
2246 727 2434 764 constituit

214 769 304 818 ἅπερ
335 769 353 806 ὁ
387 771 586 818 προλαβών
617 772 725 817 νόμος
749 775 907 807 Λεόντος
937 774 1000 807 τοῦ
1032 775 1094 817 τῆς
1128 771 1292 818 εὐσεβοῦς
1359 776 1553 819 potestate:
1579 778 1796 819 quapropter
1818 783 1893 811 non
1915 775 2030 811 solum
2052 774 2134 810 filiis
2157 776 2221 810 aut
2243 772 2434 827 nepotibus

214 816 344 859 λήξεως
372 815 442 851 ὑπὸ
467 817 533 861 τὴν
556 818 684 852 ἑαυτοῦ
709 822 902 872 πεποίηκεν
923 817 1097 859 ἐξουσίαν.
1142 815 1231 854 ὥςτε
1251 817 1290 853 οὐ
1307 823 1344 854 15
1360 829 1431 855 non
1454 819 1688 855 existentibus
1714 829 1839 855 secure
1862 819 2046 856 habebunt
2068 829 2160 865 quae
2183 818 2314 854 lueran
2337 821 2432 862 sunt,

213 862 326 914 μόνον
346 861 491 897 παίδων
510 860 531 906 ἢ
552 862 712 910 ἐγγόνων
735 861 798 906 οὐχ
815 861 988 898 υπόντων
1006 861 1176 910 ἀσφαλῶς
1196 864 1290 905 ἕξου·
1360 865 1422 900 sed
1446 864 1553 900 etiam
1582 865 1639 900 vel
1663 864 1694 900 Si
1717 864 1802 910 quid
1824 864 1952 901 horum
1974 864 2072 917 apud
2094 864 2185 900 alios
2208 868 2273 906 est,
2304 873 2432 900 seeun-

213 919 273 941 σιν
302 905 395 953 ἁπερ
414 905 620 954 ἐκέρδαναν,
645 906 728 942 ἀλλ’
750 907 815 952 ἤδη
841 906 908 942 κᾶν
928 909 963 943 εἴ
978 923 1014 943 τι
1036 909 1179 944 τούτων
1197 907 1288 955 παρ’
1359 910 1443 946 dum
1466 909 1609 946 modum
1633 913 1889 955 competentem
1913 909 2062 946 dommis
2085 908 2329 945 vindicabunt.

213 953 344 999 ἑτέροις
368 955 461 994 ἐστί,
495 952 587 987 κατὰ
616 952 683 988 τὸν
713 952 906 989 δεσπόταις
937 957 1122 1000 πρέποντα
1154 953 1291 1000 τρόπον
1359 955 1383 991 2
1440 954 1541 991 Haec
1575 955 1684 999 igitur
1718 955 1814 991 brevi
1854 955 1931 1000 lege
1971 954 2306 1000 comprehendentes
2343 953 2433 989 tales

213 998 236 1032 2
283 995 516 1041 ἐκδικήσουσι.
566 1000 686 1034 Ταῦτα
705 1003 830 1033 τοίνυν
849 996 949 1044 νόμῳ
969 1003 1096 1046 βραχεῖ
1116 1004 1289 1045 περιστεί·
1360 1000 1602 1037 dubitationes
1626 1000 1841 1046 perinfimus,
1871 1004 1913 1036 ut
1933 1010 2007 1037 non
2031 999 2174 1036 assidue
2193 1000 2239 1036 ab
2262 998 2432 1044 interpel-

214 1042 337 1077 λαντες
367 1043 429 1078 τὰς
460 1043 627 1078 τοιαύτας
656 1041 938 1090 ἀμφισβητήσεις
968 1043 1196 1091 ἀναιροῦμεν,
1231 1046 1290 1079 ἵνα
1304 1048 1346 1080 20
1361 1046 1520 1082 lantibus
1543 1046 1788 1091 molestemur;
1820 1045 1884 1082 Sed
1908 1045 1982 1090 lege
2005 1045 2094 1081 haec
2117 1046 2314 1080 statuentes
2338 1053 2432 1079 com-

211 1087 260 1132 μὴ
284 1087 453 1132 διηνεκῶς
482 1086 552 1124 ὑπὸ
584 1090 662 1124 τῶν
693 1090 898 1125 αἰτούντων
917 1088 1170 1134 ἐνοχλούμεθα,
1199 1088 1291 1125 ἀλλὰ
1359 1091 1456 1127 muni
1486 1091 1817 1136 importunitatibus
1846 1089 2047 1126 huiusmodi
2076 1089 2315 1132 liberabimur,
2346 1086 2434 1133 figu-

212 1133 313 1177 νόμῳ
346 1135 463 1169 ταῦτα
487 1134 752 1180 έναποθέμενοι
782 1135 894 1179 κοινῷ
925 1137 1002 1170 τῶν
1025 1134 1201 1170 τοιούτων
1224 1132 1290 1171 ἇπ-
1360 1147 1436 1172 ram
1472 1147 1564 1190 quae
1599 1140 1684 1172 ante
1720 1139 1879 1172 nostram
1915 1135 2170 1180 legislationem
2206 1138 2285 1170 erat
2318 1133 2436 1180 posita

214 1177 449 1226 αλλαγείημεν
477 1177 606 1222 ὄχλων,
637 1178 679 1215 τὸ
704 1179 775 1226 πρὸ
797 1181 859 1224 τῆς
882 1179 1052 1227 ἡμετέρας
1074 1181 1293 1223 νομοθεσίας
1361 1191 1496 1218 servan
1518 1183 1677 1218 volentes
1701 1181 1735 1217 ei
1765 1181 1827 1226 qui
1849 1184 1933 1217 aute
1960 1190 2039 1217 eam
2061 1179 2271 1216 beneficium
2294 1177 2434 1215 meruit.

213 1225 328 1269 σχῆμα
353 1223 603 1269 φυλάττεσθαι
627 1224 837 1271 βουλόμενοι
867 1227 921 1270 τῷ
947 1225 1017 1273 πρὸ
1042 1225 1172 1269 ταύτης
1195 1223 1292 1273 εὗηρ-

235 1283 250 1303 ε
365 1283 406 1304 ω.

212 1283 233 1315 y
252 1283 545 1363 ἔῃέξῖἰλογος.)
583 1314 629 1350 ‘H
643 1319 768 1351 τοίνυν
791 1315 835 1360 σὴ
858 1313 1011 1362 ὑπεροχὴ
1035 1315 1081 1350 τὰ
1099 1315 1192 1350 κατὰ
1214 1318 1293 1351 τοῦ·
1307 1274 1348 1307 25
1410 1316 1459 1363 <E
1501 1316 1684 1362 ilogus.)
1730 1316 1811 1352 Tua
1833 1316 1942 1361 igitur
1972 1315 2164 1351 eminentia
2194 1324 2287 1360 quae
2309 1324 2435 1350 secun-

212 1373 278 1394 τον
308 1358 395 1405 ἡμῖν
419 1361 661 1408 παραστάντα
692 1360 757 1396 τὸν
781 1358 919 1408 τρόπον
942 1357 1057 1397 ἅπασι
1078 1361 1216 1408 φανερὰ
1239 1360 1290 1396 δι’
1361 1362 1445 1398 dum
1494 1373 1565 1398 unc
1588 1363 1690 1398 nobis
1721 1362 1936 1408 placuerunt
1965 1361 2108 1397 modum
2136 1360 2299 1397 omnibus
2322 1358 2436 1396 mani-

214 1406 357 1441 οἰκείων
392 1407 631 1455 κηρυγμάτων
664 1410 723 1441 καὶ
754 1406 984 1454 προςτάξεων
1019 1404 1292 1451 καταστησάτω.
1360 1407 1454 1444 festa
1477 1409 1632 1453 propriis
1657 1407 1782 1443 edictis
1807 1417 1849 1443 ae
1872 1406 2073 1452 praeceptis
2096 1405 2240 1442 efficiat.

258 1451 341 1487 Dat.
359 1463 439 1487 vm.
459 1453 495 1488 k.
513 1453 592 1489 Iun.
615 1452 684 1488 ΟΡ.
709 1452 794 1498 imp.
821 1452 880 1488 dn.
901 1452 1090 1488 Iustiniani
1113 1463 1174 1498 pp.
1199 1452 1289 1497 Aug.
1406 1453 1490 1488 Dat.
1503 1462 1582 1489 v111.
1597 1453 1668 1489 kal.
1685 1452 1778 1488 Iunii
1798 1451 2109 1497 constantinopoli
2129 1450 2247 1497 (imp.)
2258 1450 2316 1487 dn.
2329 1449 2435 1486 Iusti-

214 1507 295 1532 ann.
311 1497 391 1532 XII.
417 1498 576 1534 Iohanne
600 1509 631 1534 v.
659 1508 690 1534 c.
716 1508 815 1534 cons.
1256 1501 1302 1540 [a.
1316 1500 1394 1541 538]
1464 1498 1562 1534 niani
1574 1509 1634 1544 pp.
1650 1499 1742 1543 Aug.
1757 1508 1850 1534 anno
1864 1497 1945 1533 XII.
1959 1497 2118 1533 Iohanne
2129 1507 2161 1532 v.
2177 1507 2206 1532 c.
2221 1495 2379 1533 consule.

216 1661 308 1699 tum,
339 1657 414 1692 sive
429 1660 607 1703 parentes
636 1656 710 1692 sint
739 1657 813 1693 sive
844 1655 907 1702 qui
931 1654 1012 1697 alii,
1044 1655 1128 1692 inde
1159 1654 1310 1707 aliquod
1339 1655 1519 1691 auxilium
1551 1654 1684 1691 habere
1711 1655 1883 1698 volentes,
1913 1658 1957 1691 ut
1983 1654 2023 1691 id
2042 1653 2160 1690 solum
2216 1651 2292 1688 uod
2305 1651 2439 1703 ‚mortis

214 1712 326 1737 causa
350 1712 399 1737 ex
415 1706 532 1748 pacto
556 1701 722 1737 orbitatis
745 1701 931 1748 competit,
963 1701 1070 1736 etiam
1095 1700 1245 1736 domimi
1267 1700 1346 1736 iure
1372 1699 1474 1748 apud
1499 1710 1580 1735 eum
1611 1700 1676 1746 qui
1699 1699 1861 1736 lucratus
1883 1703 1938 1736 est
1958 1703 2121 1742 maneat,
2151 1709 2192 1734 re
2206 1698 2330 1744 iquum
2352 1707 2437 1733 vero

214 1747 265 1782 ad
287 1747 435 1782 heredes
458 1747 714 1793 defunctorum
734 1747 896 1792 filiorum
920 1745 976 1782 vel
998 1750 1169 1793 nepotum
1195 1749 1374 1787 transeat,
1406 1746 1547 1781 ratione
1569 1745 1804 1792 ususfructus
1825 1756 2053 1792 nequaquam
2083 1756 2106 1780 a
2129 1743 2234 1779 nobis
2256 1743 2436 1778 innovata.

214 1795 235 1828 1
281 1792 385 1829 Haeo
407 1793 522 1839 iyitur
544 1796 581 1830 et
602 1803 698 1828 nunc
721 1796 757 1828 et
779 1793 817 1827 in
842 1802 946 1828 omne
971 1795 1110 1838 tempus
1133 1791 1255 1828 valere
1276 1790 1458 1834 volumus,
1486 1795 1745 1838 praeterquam
1766 1791 1799 1826 εἰ
1823 1790 1925 1828 liberi
1954 1794 2038 1826 ante
2061 1799 2170 1836 quam
2199 1792 2328 1839 nostra
2350 1797 2437 1822 oon-

213 1838 354 1874 stitutio
378 1838 455 1874 lata
486 1842 541 1874 est
569 1838 737 1883 defuncti
764 1837 917 1883 fuerint.
963 1836 1058 1872 Nam
1089 1847 1169 1873 oum
1200 1837 1271 1873 iam
1302 1836 1444 1872 lucrum
1471 1835 1652 1882 inteyrum
1681 1834 1731 1882 ad
1758 1846 1857 1878 eum,
1892 1836 1956 1882 qui
1985 1833 2163 1887 secunda-5
2184 1836 2333 1913 napitas
2354 1841 2438 1883 oon-

217 1883 350 1925 traxit,
383 1882 506 1919 liberis
536 1888 620 1920 ante
652 1883 764 1929 leqem
788 1882 972 1928 defunctis
987 1882 1213 1930 pervenerit,
1245 1885 1373 1917 nostra
1398 1880 1461 1917 lex
1483 1892 1557 1917 non
1580 1880 1780 1917 morabitur
1802 1881 1884 1925 illa,
1916 1892 2010 1927 quae
2033 1883 2197 1916 antenor
2233 1888 2282 1914 ex
2305 1876 2438 1929 Leonas

208 1929 299 1975 piae
328 1929 521 1964 memoriae
548 1929 614 1965 sub
644 1928 754 1964 suam'
771 1931 994 1975 potestatem
1025 1927 1174 1974 redeqit.
1222 1926 1354 1973 Itaque
1383 1937 1458 1962 non
1488 1926 1605 1962 solum
1636 1925 1758 1962 liberis
1789 1926 1845 1963 vel
1866 1925 2058 1973 nepotibus
2087 1935 2163 1961 non
2184 1921 2439 1972 superstmbus

213 1984 339 2010 secure
363 1974 543 2010 habebunt
565 1985 659 2020 quae
683 1973 815 2009 lucrati
837 1976 939 2015 sunt,
970 1973 1035 2009 sed
1057 1973 1130 2008 iam
1153 1973 1261 2008 etiam
1283 1972 1315 2007 si
1338 1971 1428 2018 quid
1450 1971 1578 2007 borum
1602 1982 1625 2006 a
1654 1971 1704 2007 ud
1727 1971 1819 2007 alios
1842 1975 1962 2014 extat,
1992 1968 2186 2007 secundum
2208 1967 2353 2004 modum
2375 1966 2438 2003 do-

214 2019 239 2055 2
285 2019 391 2055 minis
410 2024 670 2066 'competentem
694 2018 936 2055 vindicabunt.
1029 2017 1133 2054 Haeo
1156 2018 1270 2065 iqitur
1292 2017 1390 2054 brevi
1420 2017 1500 2064 leye
1523 2027 1627 2063 comp
1643 2016 1708 2053 ezei
1730 2016 1907 2053 eiusmodi
1926 2015 2167 2067 dubitationes
2190 2013 2363 2066 tollimus,
2393 2022 2439 2066 ne

209 2066 401 2111 perpetuis
433 2065 608 2101 molestiis
642 2076 666 2100 a
699 2063 990 2111 supplicantibus
1023 2063 1245 2110 afficiamur,
1279 2061 1345 2099 sed
1377 2061 1434 2098 his
1467 2062 1507 2097 in
1541 2061 1720 2097 commum·
1755 2061 1834 2109 leqe
1868 2061 2025 2098 conditis
2058 2058 2231 2111 etusmodn
2266 2058 2439 2109 molestus·

215 2109 425 2190 libleremur:
459 2110 523 2157 qui
551 2111 714 2156 formam
749 2120 844 2155 quae
873 2113 958 2145 ante
989 2109 1103 2156 leqem
1133 2112 1296 2145 nostram
1325 2107 1403 2154 fuit
1432 2107 1467 2144 ei
1497 2108 1562 2153 qui
1591 2111 1677 2143 ante
1706 2117 1786 2143 eam
1817 2107 1987 2153 beneficio
2017 2111 2146 2141 auctus
2175 2106 2230 2141 est
2263 2102 2437 2139 custodm

213 2166 254 2192 ve
268 2166 370 2191 umus.

352 2200 726 2281 {piloquaddTua
749 2200 864 2247 iqitur
886 2200 1086 2237 sublimitas
1116 2210 1210 2246 quae
1233 2198 1303 2235 hoo
1325 2198 1429 2234 nobis
1452 2196 1559 2234 modo
1580 2197 1799 2244 placuerunt
1822 2196 1985 2233 omnibus
2008 2195 2204 2241 manifesta
2227 2204 2300 2242 per
2321 2192 2440 2230 edicta

213 2251 249 2283 et
271 2258 354 2282 man
382 2251 444 2282 ala
467 2257 536 2281 sua
559 2257 599 2282 re
650 2250 699 2282 at.

262 2407 280 2439 2
304 2417 389 2438 τινα
414 2405 460 2438 M
465 2405 553 2446 Am]
578 2416 668 2441 orn-5
686 2404 699 2448 ΙΙ
723 2405 742 2438 8
766 2405 826 2437 καὶ
851 2402 910 2445 εἰς]
935 2404 994 2436 καὶ
1016 2415 1073 2436 om.
1089 2414 1109 2438 ς
1125 2401 1139 2446 ΙΙ
1164 2403 1201 2436 11
1229 2397 1296 2444 ἤδη
1412 2404 1426 2436 1
1455 2403 1608 2444 parentes
1632 2400 1702 2434 sint
1722 2400 1769 2442 V]
1795 2399 1865 2443 ᾔτεε
1887 2398 1956 2432 aeis
1977 2399 2013 2440 (ι’.
2032 2411 2059 2432 ο.
2080 2396 2212 2440 partes?
2233 2396 2366 2439 sanctis)
2389 2409 2407 2430 r
2427 2394 2442 2441 fl

215 2448 497 2496 ποοςγενὸμενον
513 2450 568 2493 τῷ
585 2448 674 2491 κτλ]
697 2452 773 2482 ante
788 2449 922 2491 nuptias
935 2449 1001 2480 iam
1014 2447 1139 2480 factum
1154 2447 1225 2479 eius
1238 2447 1297 2488 qui
1366 2447 1386 2480 2
1411 2447 1500 2489 qnod
1521 2447 1567 2488 V]
1593 2445 1736 2488 quidem.
1751 2457 1768 2478 r
1790 2445 1802 2488 ΙΙ
1827 2446 1847 2478 3
1871 2443 2036 2486 manente]
2061 2453 2194 2476 manere
2217 2443 2250 2476 te
2273 2441 2320 2486 νη
2344 2443 2367 2476 4
2389 2451 2441 2475 re-

216 2484 273 2529 ec).
289 2509 307 2532 ς
325 2495 338 2539 li
358 2498 398 2529 19
416 2498 542 2540 βραχεῖ
554 2496 717 2539 Serimqer
730 2508 769 2528 ez·
781 2497 812 2535 ς]
833 2491 947 2539 βραχὺ
961 2494 1008 2527 Μ
1019 2492 1032 2537 ss
1048 2494 1088 2527 21
1109 2488 1296 2534 *ἐνοχλού-
1365 2492 1521 2534 linquens
1544 2505 1562 2525 r
1578 2491 1591 2536 ΙΙ
1608 2491 1727 2524 herede
1748 2491 1803 2534 Vn
1822 2491 1840 2523 '1
1858 2491 1962 2530 nune]
1988 2489 2077 2522 hune
2098 2502 2115 2522 r
2132 2488 2145 2528 ΙΙ
2160 2487 2210 2529 in]
2234 2489 2267 2521 et
2279 2486 2324 2539 ‘in
2340 2487 2441 2539 ρεσπ-

214 2540 316 2584 petra
333 2541 378 2573 Μ
396 2539 635 2583 ἑνοχλοίμεθα
657 2542 821 2584 Serimqer
844 2541 899 2582 (cf.
920 2540 1057 2580 341‚³4)
1081 2537 1094 2582 ΙΙ
1119 2539 1162 2572 29
1175 2540 1295 2571 subscr.
1367 2536 1541 2582 briiqqenss
1569 2537 1703 2570 nomine
1727 2549 1745 2569 r
1767 2536 1780 2578 ss
1810 2536 1830 2569 8
1854 2534 2008 2568 volumus
2032 2547 2091 2567 om.
2115 2546 2134 2566 r
2156 2532 2170 2576 ΙΙ
2198 2534 2365 2584 001111118115
2388 2545 2406 2565 r
2426 2530 2440 2577 ΙΙ

217 2587 282 2619 dat.
299 2597 375 2618 vm.
394 2587 425 2618 k.
447 2586 519 2618 iun.
546 2597 571 2617 11
589 2586 669 2618 anni
686 2588 756 2627 (sic)
778 2585 843 2617 ΟΡ.
865 2586 943 2626 imp.
963 2584 1018 2616 dn.
1036 2582 1220 2616 Iustiniani
1240 2592 1295 2625 pp.
1365 2585 1442 2615 ante
1454 2582 1633 2624 quiequam
1648 2591 1772 2625 ponere
1785 2593 1802 2614 r
1818 2579 1831 2624 ΙΙ
1848 2582 1869 2614 9
1881 2580 1928 2612 sio
1941 2580 2030 2612 enim
2043 2578 2210 2620 eontingit
2222 2591 2240 2611 r
2287 2578 2328 2612 12
2340 2576 2401 2610 xlla
2411 2578 2441 2618 r]

217 2642 292 2671 aug.
311 2641 388 2663 ann.
403 2630 476 2663 XII
497 2632 649 2663 Iohanno
671 2641 722 2663 uc.
740 2640 843 2662 conss.
866 2630 912 2662 M
930 2629 997 2661 dat.
1014 2639 1091 2661 v111.
1117 2627 1183 2661 kal.
1203 2627 1297 2660 Iunii
1365 2627 1442 2660 illas
1461 2626 1519 2671 Vn
1537 2628 1576 2661 13
1603 2626 1728 2660 Leonis
1752 2638 1809 2659 om.
1835 2638 1853 2658 r
1869 2623 1883 2668 ΙΙ
1907 2624 1967 2657 sub
1991 2634 2051 2657 sua
2074 2625 2103 2664 r]
2127 2622 2180 2656 sui
2201 2622 2253 2656 V⁰
2275 2632 2335 2655 sua
2356 2619 2407 2655 V⁶
2438 2639 2441 2657 ι

221 2676 285 2708 CP.
312 2676 366 2708 dn.
393 2676 475 2708 Iust.
501 2687 555 2718 pp.
578 2687 653 2717 aug.
679 2685 766 2708 anno
783 2673 855 2706 ΧΠ
881 2675 1030 2706 Iohanne
1050 2683 1102 2706 uc.
1125 2672 1262 2706 consule
1277 2683 1298 2708 ς
1330 2696 1334 2731 Ι
1368 2673 1408 2707 16
1429 2671 1485 2706 nel
1508 2672 1556 2713 V]
1581 2671 1675 2705 aliud
1699 2684 1716 2705 r
1731 2671 1743 2715 ΙΙ
1764 2672 1804 2704 17
1819 2669 2041 2702 uindicabunt
2060 2667 2365 2720 VLmndioabitur
2388 2678 2407 2699 r
2429 2665 2444 2708 ΙΙ

218 2719 435 2765 ἐξεφωνὴθη
459 2723 545 2764 μηνὶ
570 2721 695 2763 ἰουνίῳ
720 2716 876 2760 ὑπατείᾳ
898 2715 1065 2752 Ἰωάννου
1084 2718 1204 2752 Theod.
1229 2718 1296 2751 dat.
1330 2733 1333 2774 Ι
1368 2719 1409 2751 19
1430 2717 1471 2750 ab
1491 2716 1784 2760 interpellantibus
1805 2717 1833 2757 r]
1857 2714 1901 2748 ad
1919 2713 2205 2757 interpellatlones
2226 2713 2323 2764 (co-rr.
2336 2713 2442 2744 mter·

218 2778 306 2798 cons.
332 2766 399 2798 ino.
421 2765 502 2798 laist
535 2766 601 2798 dat.
625 2776 657 2808 p.
682 2776 708 2798 c.
735 2764 877 2797 bilisarii
901 2764 1001 2805 Iul-¹⁰,
1027 2777 1085 2798 om.
1105 2763 1181 2798 Ath.
1198 2763 1211 2806 ss
1229 2762 1295 2796 dat.
1331 2776 1333 2792 ε
1364 2761 1558 2806 pollutione)
1592 2761 1620 2794 V
1641 2760 1655 2806 ΙΙ
1682 2762 1725 2795 20
1740 2762 1803 2793 hoo
1823 2773 1841 2794 r
1863 2760 1877 2804 ΙΙ
1903 2760 1943 2794 21
1961 2757 2177 2792 liberabimur
2201 2758 2229 2798 r]
2260 2756 2442 2790 hberamur

218 2812 283 2844 kal.
313 2812 386 2843 Iun.
414 2812 503 2844 malit
526 2811 717 2844 Zachariae
1374 2805 1432 2851 Vfl
1448 2808 1491 2841 22
1508 2806 1592 2848 legis
1612 2809 1759 2840 nostram
1779 2805 1937 2838 lationem
1954 2803 1999 2848 νΙΙ
2026 2804 2068 2838 23
2085 2812 2156 2836 eam
2177 2814 2236 2836 om.
2249 2815 2268 2835 r
2283 2801 2298 2846 Ι
2313 2803 2353 2836 2¹1
2370 2811 2440 2834 mo-

532 2877 534 2879 >
1367 2853 1419 2885 dis
1442 2853 1490 2895 ru
1515 2853 1558 2886 29
1581 2853 1702 2885 subscr.
1728 2851 1793 2883 dat.
1819 2860 1897 2883 vm.
1921 2847 1968 2882 kl.
1993 2847 2082 2881 iunii
2105 2845 2339 2890 eomtantipol.
2361 2845 2437 2878 d'o'fi.

1367 2898 1448 2930 Iust.
1474 2906 1528 2940 pp.
1553 2907 1627 2938 ang.
1654 2908 1740 2928 anun
1765 2894 1845 2929 XII.
1870 2894 1941 2927 Ioh.
1966 2893 2031 2926 uio.
2057 2891 2190 2926 consule
2211 2893 2247 2934 V,
2273 2904 2330 2926 om.
2351 2904 2369 2924 r
