2476 3854
46 205 110 237 AD
135 203 433 237 nn'rA'rlom
459 203 674 236 mmm!

46 306 312 359 πραττομένων
324 300 600 348 ὑπομνημάτων
622 298 672 355 ⁰3⁶
693 300 840 346 εἴρηται.
888 300 1027 357 «hyde
1048 300 1127 355 ταῖν

46 347 193 397 ανδρων
215 349 379 392 ἔχον-των
401 347 567 389 ἐξουσίαν
588 359 655 382 του
673 347 885 391 ἐμφανίζειν
906 357 969 381 τως
990 344 1128 392 emenone

46 393 115 429 τὸν
132 390 224 440 ὑπὲρ
241 394 308 428 τοῦ
322 392 372 437 μὴ
387 392 662 439 ἱμφανισθῆναι
679 389 850 445 κίνδυνον
867 395 946 426 ταῖς
961 390 1127 438 γυναιξὶν

47 438 256 474 ἐπικεῖσθαι
279 435 421 473 ἄτοπον
442 435 529 482 ἡμῖν
550 436 643 471 εἶναι
667 433 771 470 δοκει.

1116 184 1202 233 635

1805 186 1914 231 Nov.
1935 185 2133 230 CXXVII
2162 187 2274 228 2-4

1194 299 1328 335 tionem
1349 299 1542 336 insinuavit
1563 298 1655 335 actis
1668 299 1988 340 monumentorum,
2012 296 2120 332 sicuti
2139 295 2275 332 dictum

1196 348 1262 380 est.
1307 344 1398 380 Viris
1417 344 1511 380 enim
1528 344 1743 380 habentibus
1765 344 1982 395 potestatem
2005 341 2188 378 insinuare
2211 341 2275 377 do·

1194 390 1358 426 nationes
1398 400 1464 443 pro
1503 400 1576 425 non
1608 390 1798 425 insinuatis
1833 388 2035 441 pericnlum
2068 386 2275 423 mulieribus

1194 434 1377 470 imminere
1399 438 1560 480 ineptum
1582 434 1685 471 nobis
1707 442 1788 471 esse
1810 433 1959 469 ridetur.

1031 546 1189 583 CAPUT
1216 545 1283 582 111.

111 614 258 660 ’ὥτειδὴ
281 614 322 650 δὲ
349 618 410 649 καὶ
427 615 491 650 τὰς
513 617 681 661 γυναῖκας
711 615 775 649 τὰς
803 615 851 649 εἰς
874 613 1042 661 δεύτερον
1063 612 1127 662 γά-
1163 617 1183 649 5

47 675 119 707 μον
137 660 200 697 οὐκ
219 663 408 716 ἐρχομένας
431 660 679 706 προτιμήσεώς
700 671 799 694 τινος
822 657 924 701 ἀξίας
943 660 1045 707 παρὰ
1063 659 1130 695 τὰς

49 705 132 742 &aa
214 717 371 751 αμουσας
400 705 492 740 εἶναι
515 707 720 750 νομίζομεν,
753 706 991 749 θεσπίζομεν,
1021 704 1058 739 εἴ
1074 715 1130 739 τις

48 719 325 797 decempedam]
354 749 424 785 τὸν
446 748 565 796 ἄνδρα
594 751 729 796 ἑτέρων
758 747 957 793 ἀπόσχοιτο
1009 748 1128 795 άμων,

49 798 143 839 ἔχειν
171 798 239 840 μὲν
262 793 377 839 αὗτὴν
406 794 475 839 τὴν
497 797 626 841 χρῆσιν
655 796 719 838 τῆς
746 795 818 840 πρὸ
841 795 958 842 γάμου
1006 796 1129 841 ωρεᾶς,

1264 612 1357 658 Quia
1385 622 1469 648 vero
1501 615 1538 649 et
1559 613 1725 649 mulieres
1757 614 1803 650 ad
1826 614 2002 649 secundas
2027 613 2172 659 nuptias
2203 624 2277 650 non

1195 659 1375 695 venientes
1399 658 1666 704 praepositione
1688 659 1808 704 aliqua
1830 659 1954 704 dignas
1977 658 2074 694 ultra
2094 669 2158 695 eas
2184 669 2277 705 quae

1196 704 1355 740 secundo
1386 703 1527 738 nubunt
1557 713 1636 740 esse
1665 707 1852 749 putamus,
1884 705 2112 758 (sancimus)
2145 704 2177 740 si
2229 715 2278 740 ua

1195 749 1328 785 amisso
1351 748 1427 784 viro
1451 748 1573 784 alteris
1596 749 1777 784 abstineat
1799 749 1946 794 nuptiis,
1978 749 2113 786 habere
2135 749 2197 795 qui
2222 760 2278 785 em

1197 804 1274 829 eam
1304 793 1375 836 [ad]
1397 804 1504 834 ,usum
1526 794 1782 839 antenuptialis
1807 794 2029 837 donationis,
2060 794 2155 830 sicut
2176 794 2278 840 prius

48 840 151 876 καθὰ
173 843 234 876 καὶ
255 840 435 894 πρότερον
454 841 715 895 ἐθξσπίσαμεν,
750 842 844 883 ἔχειν
867 838 908 875 δὲ
930 839 1046 884 αὐτὴν
1068 843 1128 874 καὶ
1143 843 1183 876 10
1196 839 1421 879 sancivimus,
1454 839 1588 875 habere
1611 849 1693 875 vero
1719 849 1796 874 mm
1826 843 1863 875 et
1886 840 2115 885 proprietatis
2139 843 2278 875 tantum

48 885 258 921 δεσποτείας
286 897 463 920 τοσουτον
493 898 582 919 οσον
604 899 626 928 η
652 884 743 930 πρὸς
773 885 856 921 τοὺς
878 883 1011 920 παῖδας
1039 883 1126 920 ἄνα-

48 929 151 978 loyca
173 933 286 972 ποιεῖ,
318 931 379 964 ἵνα
401 930 493 965 κατὰ
517 930 584 965 τὸν
607 931 671 974 τῆς
694 928 904 966 δεσποτείας
922 929 1031 978 λόγον
1048 930 1129 965 ἑνὸς

48 979 110 1010 καὶ
143 973 235 1020 aim}
269 972 401 1010 παιδὸς
434 975 629 1022 πρόςωπον
664 978 758 1018 ἔχειν
793 973 890 1023 δοκῇ.
937 977 1054 1010 ταῦτα
1089 973 1130 1009 δὲ

49 1024 195 1068 κρατεῖν
224 1017 289 1055 οὔκ
318 1022 380 1056 ἐπὶ
401 1023 569 1066 μητέρων
589 1021 707 1064 μόνον
725 1019 924 1065 κελεύομεν,
954 1017 1046 1055 ἀλλὰ
1068 1023 1129 1054 καὶ

1196 888 1368 930 quantum
1397 883 1552 919 filiorum
1575 884 1757 929 quantitas
1779 884 1877 926 facit,
1913 889 1954 919 ut
1975 885 2171 921 secundm
2193 895 2277 930 pro-

1195 929 1357 975 prietatis
1387 930 1562 964 rationem
1590 930 1696 965 unius
1728 934 1764 965 et
1792 930 1872 975 ipsa
1902 929 1965 965 filii
1995 940 2183 976 personam
2212 930 2277 966 ob-

1194 975 1310 1010 tinere
1338 973 1510 1010 videatur.
1557 973 1659 1011 Haec
1681 985 1764 1011 vero
1787 975 1906 1010 valere
1934 985 2007 1010 non
2042 975 2081 1010 in
2102 975 2277 1011 matribus

1195 1020 1282 1056 solis
1297 1020 1473 1063 iubemus,
1497 1019 1562 1055 sed
1576 1021 1682 1055 etiam
1701 1020 1739 1055 in
1755 1020 1917 1065 patribus
1936 1024 1973 1055 et
1988 1020 2066 1056 aliis
2082 1020 2276 1055 ascenden-

50 1068 112 1101 ἐπὶ
141 1069 311 1111 πατέρων
343 1069 405 1099 καὶ
435 1067 515 1100 τῶν
544 1065 667 1100 ἄλλων
698 1062 884 1100 ἀνιόντων
916 1064 1129 1110 βουλόμεθα
1143 1068 1186 1101 15
1195 1065 1292 1101 tibus
1315 1065 1477 1101 volumus
1508 1065 1554 1101 ad
1578 1065 1754 1101 secundas
1778 1066 1921 1111 nuptias
1945 1076 2017 1101 non
2040 1066 2275 1102 venientibus.

48 1112 128 1146 τῶν
150 1112 198 1146 εἰς
221 1109 403 1157 δευτέρους
421 1110 556 1158 γάμους
578 1107 642 1145 οὔκ
666 1112 880 1156 ἐρχομένων.

1041 1221 1199 1258 CAPUT
1223 1222 1288 1259 IV.

103 1286 250 1333 Ἐπειδὴ
273 1286 314 1323 δὲ
334 1286 632 1335 ἄπηγορεύσαμεν
654 1287 785 1335 πρώην
807 1286 858 1324 δι’
875 1286 1047 1335 ἡμετέρου
1068 1286 1130 1325 νό-

49 1348 119 1381 μον
142 1338 217 1370 τοῖς
245 1347 287 1368 τε
312 1331 478 1387 ἀνδράσι,
497 1337 558 1368 καὶ
580 1337 659 1369 ταῖς
679 1334 820 1382 γυναιξὶ
843 1332 1019 1391 ῥεποῦδια
1041 1337 1130 1380 πέμ-

1254 1289 1346 1334 Quia
1368 1298 1452 1325 vero
1471 1288 1716 1325 interdiximus
1740 1288 1874 1325 dudum
1897 1299 1963 1335 per
1982 1291 2143 1327 nostram
2165 1291 2280 1336 legem

1200 1338 1238 1371 et
1259 1335 1344 1371 viris
1373 1337 1412 1371 et
1433 1334 1642 1371 mulieribus
1672 1335 1822 1380 repudia
1851 1335 1994 1371 mittere
2024 1341 2061 1371 et
2184 1337 2194 1346 '
2219 1347 2280 1373 ere

50 1394 135 1416 πειν
156 1383 218 1414 καὶ
240 1377 397 1414 διαλύειν
418 1390 501 1414 τους
521 1379 666 1425 γάμους,
697 1379 795 1424 πλὴν
815 1381 847 1414 εἰ
873 1393 924 1424 μη
953 1383 1008 1415 τίς
1030 1381 1131 1415 ἐστιν
1197 1379 1443 1425 matrimonia,
1472 1379 1542 1416 nisi
1571 1384 1691 1416 tamen
1721 1380 1893 1425 quaedam
1923 1381 1971 1416 sit
2002 1392 2112 1418 causa
2133 1384 2280 1418 nostrae

51 1426 152 1460 αἰτία
181 1425 236 1469 τῷ
270 1422 431 1469 ἡμετέρῳ
470 1423 578 1479 νόμῳ-
607 1427 873 1472 γνωριζομένη,
906 1428 967 1459 καὶ
1001 1426 1130 1460 ποινὰς
1143 1428 1185 1461 20
1197 1426 1268 1470 legi
1290 1426 1449 1470 cognita,
1482 1429 1520 1461 et
1548 1435 1685 1470 poenas
1715 1426 1786 1461 hoc
1813 1425 2029 1462 facientibus
2056 1431 2095 1463 et
2123 1428 2209 1464 viris
2242 1432 2280 1464 et

50 1473 125 1506 τοῖς
151 1470 261 1505 τοῦτο
289 1468 451 1512 τολμῶσι
481 1481 599 1505 ποιειν
621 1468 775 1516 ἀνδράσι
804 1483 846 1505 τε
874 1473 936 1505 καὶ
964 1471 1130 1518 γυναιξὶν

51 1514 285 1570 ἐπεθήκψν
314 1512 552 1568 παραλλαγήν
578 1528 665 1550 τινα
695 1518 778 1561 περὶ
807 1515 873 1550 τὰς
901 1515 1031 1551 ποινὰς
1062 1517 1128 1551 τοῦ

50 1575 91 1596 τε
108 1559 241 1606 ἄνδρας
258 1563 319 1594 καὶ
335 1571 400 1603 της
416 1560 584 1606 γυναικὸς
604 1558 851 1605 ποιησάμενοι,
874 1562 966 1607 πρὸς
983 1562 1028 1596 τὸ
1047 1560 1129 1596 κάλ·

50 1605 130 1641 λιον
149 1606 258 1641 τοῦτο
275 1605 555 1649 μεταποιοῦντες
578 1606 814 1651 θεσπίζομεν,
835 1604 1014 1651 μηδεμίαν
1036 1607 1131 1641 εἶναι

50 1649 231 1697 διαφορὰν
259 1648 304 1685 τό
334 1663 376 1696 γε
406 1652 468 1684 ἐπὶ
495 1654 574 1685 ταῖς
599 1655 743 1686 ποιναῖς
770 1651 906 1696 μεταξὺ

50 1699 112 1731 καὶ
128 1695 296 1743 γυναικὸς
316 1698 424 1730 τοῦτο
440 1694 674 1740 τολμώντων,
698 1693 788 1731 ἀλλὰ
810 1700 888 1731 ταῖς
908 1701 1033 1732 amate
1051 1709 1131 1732 ποι·

50 1744 129 1776 ναῖς
150 1743 228 1775 ταῖς
246 1739 340 1775 κατὰ
361 1741 440 1775 τῶν
457 1742 642 1787 γυναικῶν
660 1739 751 1788 παρ’
769 1738 874 1786 ἡμῶν
894 1739 1130 1787 ὁρισθείσαις,

13 1808 20 1813 ·
51 1785 203 1822 ἐπειδὰν
222 1788 331 1831 χωρὶς
354 1786 470 1820 αἰτίας
490 1787 546 1829 τῷ
564 1782 725 1840 ἡμετέρῳ
746 1788 848 1841 νόμξρ
866 1790 1131 1843 χνωριζομένης

1197 1471 1405 1506 mulieribus
1426 1471 1678 1516 imposuimus,
1711 1471 1945 1507 mutationem
1975 1472 2153 1518 quandam
2183 1473 2281 1509 circa

1196 1526 1333 1562 poenas
1363 1516 1430 1552 viri
1459 1520 1495 1552 et
1524 1516 1683 1552 mulieris
1712 1516 1886 1553 facientes
1918 1521 1954 1553 et
1983 1517 2031 1553 ad
2053 1518 2178 1553 melius
2208 1519 2282 1554 hoc

1196 1561 1492 1597 transformantes
1528 1561 1727 1604 sancimus,
1762 1562 1897 1598 nullam
1930 1572 2011 1599 esse
2046 1563 2279 1599 differentiam

1198 1611 1370 1652 quantum
1404 1607 1451 1642 ad
1481 1616 1617 1652 poenas
1650 1607 1745 1643 inter
1777 1607 1890 1643 virum
1924 1612 1962 1644 et
1993 1609 2178 1644 mulierem
2210 1609 2281 1645 hoo

935 1649 1069 1707 ᾀνδρός
1090 1665 1131 1686 τε
1142 1654 1185 1687 25
1198 1657 1482 1698 praesumentes,
1516 1652 1581 1688 sed
1610 1651 1735 1688 iisdem
1764 1653 1889 1698 poenis
1923 1663 2015 1699 quae
2046 1657 2173 1689 contra
2202 1664 2280 1690 mu·

1196 1698 1302 1734 lieres
1331 1707 1355 1733 a
1383 1697 1488 1733 nobis
1515 1697 1683 1733 definitae
1705 1700 1806 1739 sunt,
1839 1698 1871 1734 si
1894 1698 1972 1734 sine
2002 1708 2111 1734 causa
2133 1702 2281 1735 nostrae

1197 1743 1266 1788 legi
1287 1742 1428 1787 cognita
1446 1742 1672 1778 matrimonia
1694 1742 1909 1786 distrahunt,
1933 1743 2040 1779 etiam
2058 1745 2154 1780 viros
2174 1744 2280 1780 subdi

1198 1788 1268 1824 hoc
1291 1790 1570 1833 praesumentes,
1602 1789 1640 1824 et
1662 1787 1795 1824 similes
1819 1799 1898 1841 esse
1920 1799 2055 1835 poenas
2082 1789 2121 1824 in
2145 1789 2220 1825 viro
2243 1792 2282 1825 et

50 1831 99 1866 τὰ
121 1833 326 1866 συνοικέσια
347 1829 503 1872 λύσωσι,
537 1843 620 1866 τους
642 1830 775 1878 ἄνδρας
804 1833 1018 1879 υπαγεσθαι
1047 1833 1131 1868 τοὺς
1198 1834 1357 1869 muliere.
1404 1833 1447 1869 In
1470 1833 1602 1869 delicto
1633 1833 1726 1869 enim
1756 1835 1898 1879 aequall
1926 1834 2109 1880 proximas
2141 1835 2193 1871 eis
2215 1834 2280 1870 im·

50 1878 158 1911 τοῖιτο
179 1874 406 1920 τολμῶντας,
429 1879 490 1910 καὶ
513 1874 639 1919 ὁμοίας
660 1876 753 1911 εἶναι
775 1877 841 1912 τὰς
855 1877 985 1913 ποινὰς
1006 1880 1071 1913 ἐπί
1090 1891 1131 1912 τε
1144 1881 1187 1914 30
1198 1879 1333 1919 millere
1355 1888 1493 1924 poenas
1515 1879 1649 1915 iustum
1671 1879 1877 1925 putavimus
1900 1890 1990 1916 esse.

51 1919 180 1967 ἀνδρὸς
198 1924 259 1955 καὶ
273 1921 450 1967 γυναικός.
490 1922 551 1957 ἐπὶ
565 1921 635 1968 γὰρ
650 1918 905 1969 ἁμαρτήματος
917 1923 998 1958 ἴσου
1014 1936 1131 1969 παρα-

51 1966 205 2011 πλησίας
218 1963 339 2001 αὐτοῖς
353 1966 562 2001 ἐπικεῖσθαι
585 1970 645 2001 καὶ
663 1966 729 2002 τὰς
744 1967 874 2003 ποινὰς
894 1965 1034 2004 δίκαιον
1052 1970 1133 2004 ἐνο-

50 2016 207 2057 μίσαμεν
228 2010 331 2046 εἶναι.

120 2115 148 2136 e.
163 2102 229 2136 m
239 2102 274 2136 in
289 2113 363 2135 nov.
374 2102 493 2135 XXII
503 2115 531 2136 c.
544 2103 587 2137 20
602 2107 645 2143 §1
661 2104 812 2138 insertum
828 2111 917 2139 extat
933 2106 966 2138 in
981 2105 1019 2138 Β
1035 2105 1090 2146 28,
1105 2111 1150 2146 12,
1162 2111 1175 2138 1
1192 2104 1256 2145 (B'
1271 2104 1304 2136 A
1318 2105 1352 2145 6,
1363 2112 1377 2138 1
1390 2117 1426 2148 p.
1443 2106 1505 2139 191
1520 2105 1639 2145 Zaeh.)
1663 2105 1800 2147 indeque
1816 2105 1923 2137 eodem
1939 2104 2008 2138 loeo
2024 2105 2059 2138 in
2074 2105 2106 2139 L
2116 2108 2151 2148 s.
2163 2108 2208 2140 40
2224 2107 2279 2150 (ej.

49 2161 86 2193 p.
100 2149 164 2182 160
180 2147 228 2180 ad
239 2159 270 2180 v.
282 2147 342 2188 33).
356 2165 401 2172 —
425 2147 547 2180 Theod-
566 2160 718 2181 summam
738 2150 852 2191 repetit
867 2146 939 2191 ΒΣ,
964 2150 1103 2183 eiusdem
1123 2160 1264 2182 summae
1286 2150 1412 2183 initium
1429 2149 1608 2183 Pmebiron
1625 2151 1657 2188 6,
1672 2156 1684 2182 1
1702 2150 1745 2182 in.
1766 2149 1856 2188 (inde
1871 2149 2077 2193 Epanaqoqe
2096 2152 2149 2192 19,
2162 2159 2194 2185 12
2211 2153 2279 2192 in.)-

120 2205 148 2226 ε.
162 2191 227 2226 IV
243 2198 459 2235 armentum
482 2199 573 2226 notat
594 2193 728 2226 Nomoc.
742 2194 806 2226 XI
811 2194 898 2227 Vm.
915 2195 968 2236 13,
980 2201 997 2228 4
1016 2206 1053 2237 p.
1066 2195 1133 2228 614
1147 2194 1258 2235 Piera,
1283 2195 1341 2227 ubi
1360 2195 1526 2238 quendum
1549 2194 1589 2227 ὲκ
1610 2194 1674 2236 τῆς
1696 2191 1771 2237 ρκζ
1784 2194 1864 2236 (pro
1887 2193 1971 2238 ριζ)
1995 2195 2134 2240 νεαρᾶς.

53 2281 145 2316 actis
167 2278 355 2324 confectis,
385 2279 495 2314 sicieti
514 2278 648 2315 dietum
671 2283 736 2323 est,
765 2280 1014 2316 insinuaverit.
1061 2279 1156 2315 Nam
1180 2290 1261 2315 eum
1289 2280 1362 2316 viri
1384 2283 1604 2327 potestatem
1627 2279 1786 2316 habeant
1814 2279 2024 2315 insInuandi
2054 2280 2279 2326 donationes,

48 2324 253 2372 periculum
275 2334 324 2359 ex
345 2333 418 2359 non
442 2324 634 2360 insinuatis
656 2324 910 2360 donationibus
932 2324 1139 2360 mulieribus
1162 2324 1345 2360 imminere
1366 2325 1526 2371 ineptum
1550 2325 1654 2361 nobis
1675 2335 1754 2360 esse
1775 2324 1927 2360 videtur.

187 2368 252 2404 111.
297 2367 475 2411 Quoniam
497 2372 616 2404 autem
639 2370 747 2405 etiam
769 2369 936 2405 mulieres
966 2369 1016 2405 ad
1036 2369 1214 2406 secundas
1235 2370 1385 2416 nuptias
1412 2380 1486 2405 non
1508 2369 1688 2406 vanientes
1703 2370 1971 2416 praeroqativa
2001 2370 2127 2422 aliqua
2149 2371 2282 2418 diqnas

100 2425 144 2450 ae
165 2414 212 2449 iis
258 2424 328 2449 uae
348 2412 506 2449 seeundo
529 2413 668 2450 nubunt
689 2424 767 2449 esse
789 2414 1050 2456 eaisthnmnm,
1071 2414 1263 2457 sancimus,
1288 2419 1329 2449 ut
1343 2414 1376 2449 si
1390 2425 1485 2460 quae
1500 2415 1578 2450 viro
1593 2414 1726 2450 amisso
1747 2414 1915 2450 secundis
1937 2416 2077 2462 nuptiis
2090 2417 2282 2458 abstineat,

102 2459 185 2495 beat
206 2458 221 2493 i

295 2457 437 2504 quidem
465 2459 731 2504 usumfructum
760 2458 966 2495 donationis
992 2462 1077 2495 ante
1106 2459 1270 2505 nuptias,
1306 2458 1603 2505 quemadmodum
1634 2459 1742 2494 etiam
1773 2464 1882 2495 antea
1910 2461 2118 2503 sanximus,
2151 2461 2281 2498 habeat

55 2509 173 2540 autem
192 2503 300 2539 etiam
316 2503 561 2554 proprietatis
579 2504 659 2539 iure
679 2507 815 2540 tantum
835 2508 1010 2556 quantum
1022 2504 1224 2551 proportio
1244 2514 1324 2538 eum
1345 2504 1467 2540 liberis
1485 2504 1612 2549 efficit,
1635 2508 1677 2539 ut
1694 2503 1888 2555 seeundum
1907 2505 2149 2551 proprietatis
2166 2507 2281 2543 ratio·

54 2560 134 2585 nem
156 2549 265 2583 unius
285 2551 321 2583 et
341 2558 424 2593 ipsa

473 2548 516 2583 lii
530 2558 729 2594 personam
751 2553 928 2585 sustinere
949 2549 1124 2584 vedeatur.
1171 2547 1275 2584 Haec
1297 2552 1414 2584 autem
1446 2559 1521 2584 non
1543 2549 1661 2584 solum
1691 2559 1731 2584 m
1752 2549 1929 2584 matribus
1958 2549 2079 2586 valere
2108 2551 2279 2594 iubemus,

53 2593 119 2630 sed
140 2594 247 2629 etiam
269 2592 308 2627 in
327 2592 431 2639 patri
454 2603 497 2628 us
518 2594 717 2639 ceterasque
739 2594 1011 2630 ascendentibus
1033 2593 1198 2629 volumus

1219 2593 1284 2640 qui
1306 2593 1357 2628 ad
1377 2593 1555 2629 secundas
1576 2595 1725 2646 nuptias
1746 2604 1821 2629 non
1844 2595 1998 2630 veniant.

187 2637 250 2673 lv.
296 2635 473 2680 Quoniam
496 2642 615 2673 autem
637 2649 755 2685 nuper
777 2639 854 2685 que
877 2642 1005 2674 nostra
1027 2642 1063 2674 et
1078 2638 1165 2674 viris
1179 2643 1214 2674 et
1229 2637 1438 2674 mulieribus
1452 2638 1710 2674 interdicamus
1731 2638 1922 2685 repudium
1941 2640 2082 2676 mittere
2100 2644 2136 2676 et
2155 2642 2280 2677 matri-

54 2682 175 2719 monia
204 2681 353 2724 solvere,
383 2682 454 2717 nisi
484 2693 579 2728 quae
608 2693 720 2719 eausa
746 2683 794 2718 sit
816 2684 892 2730 leqi
912 2687 1060 2719 nostrae
1082 2684 1245 2729 σοφιίτα,
1274 2688 1311 2719 et
1325 2694 1471 2729 poenas
1500 2684 1547 2719 iis
1574 2685 1638 2730 qui
1667 2683 1707 2718 id
1726 2684 1854 2729 faeere
1879 2683 2040 2720 audeant
2068 2690 2105 2721 et
2127 2686 2216 2722 viris
2245 2691 2282 2723 et

55 2727 262 2763 mulieribus
294 2726 530 2773 imposuimus
562 2727 766 2763 discrimine
799 2728 959 2774 quodam
993 2729 1087 2764 inter
1114 2738 1258 2775 poenas
1291 2728 1363 2763 viri
1392 2732 1429 2764 et
1462 2728 1624 2764 mulieris
1651 2729 1772 2774 facto,
1805 2729 1844 2763 in
1874 2728 2001 2765 melius
2033 2729 2074 2765 id
2102 2735 2281 2768 mutantes

54 2772 246 2814 sancimus,
276 2776 318 2807 ut
345 2771 447 2806 nulla
476 2772 526 2806 sit
547 2771 755 2818 differentia
783 2778 957 2825 quantum
986 2773 1037 2808 ad
1060 2783 1201 2819 poenas
1222 2773 1317 2808 inter
1339 2773 1455 2809 virum
1478 2777 1514 2809 et
1535 2773 1719 2809 mulierem
1750 2774 1817 2820 qui
1836 2773 1906 2809 Ιιοσ
1928 2774 2106 2818 audeant,
2133 2775 2200 2811 sed
2219 2777 2281 2812 iis-

54 2817 134 2853 dem
153 2815 282 2864 poenis
330 2827 399 2852 uae
419 2816 459 2850 in
481 2816 647 2852 mulieres
670 2828 694 2852 a
716 2817 821 2853 nobis
841 2822 1001 2854 statutae
1021 2822 1118 2860 sunt,
1148 2817 1210 2854 ubi
1231 2818 1310 2853 sine
1331 2828 1444 2853 eausa
1467 2818 1540 2865 leqi
1561 2824 1710 2854 nostrae
1740 2819 1888 2864 coquito
1912 2819 2144 2855 matrimonia
2165 2821 2281 2858 solve·

54 2862 140 2902 n‘nt,
162 2861 232 2897 viri
253 2872 295 2896 su
320 2861 478 2896 iciantur
500 2862 564 2907 qui
586 2861 655 2897 hoc
677 2862 853 2904 audeant,
876 2863 1080 2908 similesque
1101 2863 1176 2898 sint
1189 2873 1335 2909 poenae
1358 2867 1432 2898 tam
1453 2863 1493 2898 in
1508 2864 1587 2900 viro
1611 2874 1719 2910 quam
1743 2864 1781 2898 in
1804 2863 1964 2901 muliere.
2011 2863 2058 2900 In
2076 2866 2168 2912 pari
2188 2866 2282 2902 enim

54 2906 186 2942 delicto
210 2906 382 2952 aequales
403 2905 509 2942 etiam
530 2917 671 2952 poenas
692 2907 739 2942 iis
760 2907 944 2943 imminere
967 2909 1099 2943 iustum
1115 2907 1326 2954 putavimus
1348 2918 1436 2944 esse.

122 2997 143 3029 2
164 2996 230 3028 τοῦ
255 3008 314 3028 om.
336 2997 367 3029 L
391 2996 404 3038 Ι
429 2997 448 3029 3
473 2996 540 3029 τὸν
563 2997 629 3038 μὲν
653 2992 744 3042 ὑπὲρ
767 2998 804 3030 Β
827 2997 841 3041 Ι
865 2999 885 3031 5
909 2999 970 3030 καὶ
993 3010 1051 3030 om.
1072 2997 1137 3037 (vel

54 3042 146 3084 infra
156 3054 203 3074 vs.
215 3041 359 3074 additum
376 3054 494 3074 rasura
508 3042 583 3083 del.)
596 3042 626 3074 L
639 3043 694 3084 (cs.
708 3043 755 3075 ad
769 3044 801 3083 ς)
819 3042 833 3086 Ι
848 3044 869 3076 8
881 3038 1134 3085 ἆποβαλομένη

55 3097 124 3119 eum
133 3085 237 3118 Serim
262 3097 316 3119 ero
326 3087 414 3129 vulq.
431 3085 444 3130 11
462 3085 608 3130 ἑτέρων]
626 3084 795 3131 δεύτερον
805 3088 851 3120 L¹
874 3084 1054 3131 δευτέρων
1063 3086 1113 3119 L²
1123 3086 1135 3130 11

56 3128 172 3180 γέμον
191 3130 224 3163 L
238 3099 260 3173 Ι
273 3132 313 3164 10
337 3130 598 3174 ἐθεσπίσαμεν]
623 3134 665 3175 cf.
682 3145 754 3165 nov.
768 3133 935 3166 XCVIII
954 3134 966 3176 11
993 3134 1029 3166 11
1051 3141 1133 3164 τοσ-

56 3185 165 3207 ουτον
178 3192 221 3198 -
240 3176 282 3208 12
304 3172 513 3209 δεσποτείας
536 3190 594 3209 om.
610 3177 656 3210 Μ
664 3176 677 3219 fl
698 3179 739 3210 13
764 3173 855 3219 αὐτὴ
871 3178 1064 3211 Haloander
1076 3178 1133 3218 (ς)]

58 3213 426 3304 suffitae}
433 3219 547 3298 ἐξ]
561 3224 603 3300 {3
616 3219 1135 3311 ἤῗῖςᾶῑῗμῖξεῖᾝζῑῑίὲὤ

57 3306 120 3338 bus
144 3306 194 3348 ς11
216 3307 257 3340 23
281 3307 373 3351 πρὸς
393 3306 437 3341 τὸ
461 3307 619 3351 κάλλιον]
644 3315 675 3344 et
698 3311 741 3344 ad
762 3312 882 3345 melius
906 3324 926 3349 ς
949 3312 961 3355 11
987 3314 1029 3346 29
1052 3310 1135 3344 τοὺς

58 3347 200 3393 ἄνδρας]
224 3350 325 3383 etiam
347 3353 436 3384 viros
458 3364 479 3388 ς
495 3355 509 3397 Ι
524 3355 567 3388 32
590 3357 651 3387 καὶ
674 3369 732 3389 om.
747 3369 766 3393 ς

129 3483 146 3516 1
170 3481 264 3522 actis]
287 3482 350 3514 hoc
366 3486 414 3515 est
428 3484 511 3517 aotis
532 3485 731 3529 RTlsieut
755 3487 811 3529 Τ11
828 3489 849 3521 4
873 3488 1028 3530 inie'ptnm
1048 3490 1101 3522 V‘⁸
1123 3491 1134 3532 1!

60 3536 128 3559 esse
143 3526 239 3558 nobis
256 3526 324 3559 ΒΤ
336 3526 349 3569 Ι
366 3530 387 3561 5
399 3530 486 3561 rubr.
509 3529 560 3562 De
578 3529 634 3562 his
657 3531 717 3571 qui
733 3531 891 3565 secundas
912 3534 1048 3576 nuptias
1067 3544 1135 3567 non

60 3571 263 3603 contrahunt
285 3571 357 3604 sine
380 3582 479 3605 eausa
503 3574 536 3606 T
547 3575 581 3607 in
597 3587 699 3616 marq.
715 3576 767 3616 (ετ
781 3576 860 3618 ΙιιΙ.)
878 3577 891 3620 Ι
906 3578 975 3614 Qui
996 3578 1046 3611 R¹
1057 3580 1089 3612 T
1095 3579 1106 3598 ¹
1122 3579 1135 3622 11

62 3618 95 3648 et
112 3615 145 3648 T
152 3616 252 3658 vu19.]
270 3628 328 3648 om.
340 3615 439 3659 RV}
453 3616 619 3658 mulieres]
638 3618 728 3651 ultra
743 3630 798 3652 eas
815 3621 892 3653 add.
904 3621 956 3654 T⁶
973 3622 986 3665 Ι
1001 3624 1022 3656 6
1039 3633 1134 3665 prae-

59 3659 224 3702 positione
242 3660 435 3702 Heimbaclu]
468 3662 692 3704 propositione
715 3664 820 3697 RVT
850 3665 1002 3706 portione
1022 3666 1073 3699 R³
1085 3667 1135 3700 T³

60 3717 87 3736 s.
98 3717 143 3744 v.,
158 3705 244 3747 only.
260 3703 273 3746 fl
291 3704 393 3746 digna
410 3705 457 3738 3¹
473 3706 487 3749 Ι
503 3716 557 3739 eas
572 3709 667 3747 quae]
684 3717 751 3739 eme
765 3708 807 3740 ad
823 3709 984 3743 secundas
999 3712 1135 3752 nuptias

60 3768 104 3773 —
120 3749 222 3791 digna
238 3748 327 3782 ultra
342 3760 396 3783 eas
412 3760 496 3792 quae
520 3763 559 3784 eet
582 3754 602 3785 5
614 3764 662 3794 sq.
680 3764 788 3785 errore
804 3755 940 3795 repetita
959 3755 1037 3788 add.
1058 3756 1101 3788 V1
1123 3755 1136 3798 11
1166 3762 1171 3789 Ι
1204 3757 1330 3799 Tvulq.

1201 2999 1220 3030 7
1243 2997 1435 3030 *sancimus
1455 2998 1575 3032 addidi
1588 2997 1602 3042 Ι
1619 2999 1639 3032 8
1655 2997 1770 3031 alteris
1792 2998 1891 3040 VT⁰1
1915 2997 2053 3032 alterius
2069 2998 2155 3032 RTb
2166 3001 2253 3044 vulp.
2269 2999 2274 3042 1

1202 3044 1222 3075 9
1238 3042 1281 3075 ad
1291 3061 1335 3066 —
1347 3042 1537 3076 donationis
1555 3050 1587 3076 et
1607 3045 1647 3078 10
1656 3056 1704 3086 sq.
1718 3045 1851 3076 tantum
1862 3063 1907 3068 —
1919 3044 2044 3087 quanti!
2070 3044 2120 3077 1⁷²
2133 3046 2166 3077 in
2178 3057 2244 3077 ras.
2269 3000 2286 3086 11

1201 3087 1243 3119 ad
1259 3087 1323 3120 del.
1336 3089 1438 3131 ωαψς
1456 3089 1517 3130 leq.
1530 3087 1587 3120 et?
1604 3088 1617 3131 Ι
1634 3099 1731 3121 usum
1749 3089 1782 3122 T
1787 3088 1799 3108 ¹
1811 3089 1909 3132 υιι19.]
1925 3099 2086 3121 summam
2098 3089 2132 3120 R
2142 3089 2279 3121 Vusum

1200 3142 1362 3165 summam
1374 3131 1427 3165 T²
1443 3131 1457 3175 Ι
1475 3134 1515 3167 10
1530 3134 1717 3167 sancximus
1730 3134 1762 3167 R
1778 3133 1791 3177 Ι
1807 3137 1918 3166 tamen
1932 3133 2039 3166 R¹T¹
2057 3133 2070 3174 Ι
2090 3135 2126 3165 11
2146 3133 2278 3174 quanti-

1201 3176 1280 3209 tatis
1301 3176 1366 3220 R}
1388 3177 1469 3210 feeit
1491 3178 1570 3221 R¹u
1598 3180 1636 3212 12
1661 3179 1791 3211 ratione
1814 3178 1871 3220 Vl
1896 3177 1995 3210 unius
2018 3178 2090 3218 ipsa
2113 3180 2146 3208 et
2166 3187 2279 3218 perso-

1200 3231 1277 3254 nam
1297 3221 1361 3254 filii
1386 3222 1419 3255 T
1432 3221 1446 3266 Ι
1464 3224 1505 3258 13
1526 3223 1706 3256 uideantur
1722 3224 1769 3256 R¹
1785 3222 1799 3266 11
1817 3222 1929 3255 ualere
1940 3230 2015 3264 post
2030 3221 2111 3254 solis
2127 3222 2200 3254 coll.
2213 3222 2246 3254 R
2268 3223 2280 3261 11

1202 3269 1244 3300 14
1268 3266 1421 3300 iubemus
1443 3269 1476 3301 in
1500 3280 1566 3301 ras.
1588 3269 1622 3301 V
1643 3268 1657 3311 Ι
1684 3268 1772 3308 aliis]
1807 3268 1842 3299 in
1867 3266 1944 3299 aliis
1973 3265 2038 3307 Vfl
2072 3268 2109 3298 17
2124 3267 2213 3299 rubr.
2234 3265 2280 3298 Ut

1201 3311 1314 3344 eadem
1336 3321 1423 3354 pena
1444 3311 1500 3344 uir
1516 3315 1549 3345 et
1564 3312 1686 3345 mulier
1706 3312 1876 3344 diuertens
1892 3312 2043 3342 teneatur
2061 3310 2093 3342 Τ
2103 3311 2135 3342 in
2149 3322 2251 3353 mar-9.
2274 3309 2280 3347 Ι

1200 3360 1330 3389 nostras
1353 3356 1443 3398 leges
1469 3357 1558 3400 RT!
1586 3359 1625 3391 18
1650 3361 1683 3389 et
1702 3357 1794 3396 viris]
1819 3358 1852 3387 et
1872 3367 1930 3387 om.
1953 3355 2007 3394 VR
2034 3355 2073 3388 19
2094 3354 2141 3386 ἰῶ
2156 3354 2246 3387 RT¹
2275 3348 2281 3398 1

1201 3404 1332 3434 nostrae
1356 3401 1489 3446 onnRfl
1515 3403 1558 3435 20
1582 3403 1731 3444 cognitas
1751 3400 1832 3442 V‘fl
1855 3401 1888 3431 et
1909 3399 1947 3430 in
1970 3398 2054 3430 uiris
2078 3399 2128 3439 R,
2161 3400 2194 3431 et
2216 3411 2278 3433 om.

1209 3446 1271 3488 Vl}
1297 3448 1338 3480 21
1364 3446 1573 3487 mulieribus]
1597 3447 1736 3489 repudia
1759 3444 1890 3476 mittere
1914 3443 1992 3475 add.
2009 3443 2062 3475 T⁰
2085 3443 2099 3485 Ι
2128 3443 2171 3476 22
2193 3453 2280 3485 pena

1202 3490 1250 3523 12¹
1267 3491 1281 3533 Ι
1297 3491 1381 3523 uiris
1404 3492 1437 3524 R
1453 3492 1466 3534 11
1482 3491 1617 3523 mulieri
1638 3490 1754 3533 V1124
1777 3488 1830 3528 ad]
1854 3496 1922 3519 esse
1944 3486 1987 3518 ad
2008 3486 2063 3530 V}
2088 3497 2211 3530 poenas
2232 3488 2279 3529 V]

1200 3545 1319 3577 penam
1344 3536 1503 3578 RTvulq.
1535 3535 1547 3578 11
1574 3536 1655 3567 haee
1678 3534 1711 3566 R
1736 3533 1748 3575 Ι
1779 3533 1822 3565 25
1847 3530 1974 3564 hisdem
1998 3531 2127 3564 R'VT
2155 3532 2280 3565 ibidem

1202 3580 1250 3612 13¹
1274 3579 1288 3623 Ι
1314 3581 1356 3614 26
1379 3590 1400 3612 a
1422 3579 1519 3613 nobis
1543 3579 1706 3617 definitae]
1730 3576 1888 3618 disposite
1911 3585 1931 3607 a
1953 3575 2051 3607 nobis
2076 3577 2108 3608 T
2129 3575 2142 3620 Ι
2166 3577 2196 3609 si
2219 3590 2279 3611 on.

1202 3624 1293 3658 R¹T
1299 3626 1322 3665 ¹,
1345 3625 1375 3657 si
1389 3624 1460 3656 sine
1477 3626 1508 3657 in
1525 3631 1608 3666 spat.
1625 3634 1697 3655 vae.
1710 3633 1775 3654 scr.
1797 3620 1846 3652 1⁷²
1862 3620 1875 3663 Ι
1894 3621 1934 3653 27
1955 3619 2143 3654 distrahant
2161 3622 2248 3665 vulq.
2266 3621 2281 3666 Ι

1202 3670 1245 3702 28
1266 3670 1330 3701 hoo
1355 3682 1412 3702 om.
1436 3669 1469 3700 R
1497 3668 1510 3708 11
1539 3664 1776 3709 praesumentis
1801 3665 1834 3697 V
1855 3665 1868 3707 Ι
1900 3666 1943 3698 29
1967 3664 2140 3698 mulierem
2163 3666 2212 3698 Β*
2242 3667 2279 3699 in

1201 3712 1341 3745 muliere
1362 3713 1395 3745 T
1412 3713 1425 3754 Ι
1442 3711 1563 3743 delicto
1585 3711 1632 3743 1⁷²
1649 3712 1681 3743 in
1697 3717 1782 3752 spat.
1799 3721 1870 3742 vac.
1886 3710 1899 3751 Ι
1917 3709 1949 3741 ei
1971 3709 2005 3741 R
2022 3711 2036 3753 Ι
2059 3711 2102 3743 30
2122 3713 2279 3753 putamus

1941 3808 2011 3842 80*
