2592 3840
223 69 331 114 Nov.
359 69 444 113 XII
475 71 580 112 1-3

225 184 284 214 καὶ
308 182 373 215 τοῦ
403 178 567 225 σώματος
598 176 773 223 αἰκισμός,
805 175 902 213 ὅπως
933 174 978 210 ἂν
1001 173 1123 254 ᾖάθοι
1152 187 1291 222 σωφρο-

225 228 302 259 νεῖν
330 228 389 259 καὶ
420 226 506 260 εἵσω
538 226 597 268 τῆς
628 223 764 271 φύσεως
793 226 924 267 μένειν,
958 219 999 255 ἆλ
1029 220 1036 229 “
1075 220 1125 265 μὴ
1153 222 1293 275 τρυφᾶν

226 284 266 304 τε
286 273 343 304 καὶ
368 271 453 318 ἐρᾶν
475 268 656 316 ὑπερόρια,
689 272 747 303 καὶ
773 269 851 302 τῶν
880 263 1185 313 παραδεδομένων
1208 268 1292 310 ημῖν

227 317 265 348 ἐκ
299 316 359 358 τῆς
395 314 532 361 φύσεως
565 311 926 355 καταυθαδιάζεσθαι
957 309 1090 364 νόμων.
1136 313 1196 344 καὶ
1220 311 1294 367 ἲἰ’ἦς

225 358 406 406 γυναικός,
439 361 470 393 εἰ
496 359 562 394 τὸν
584 357 695 403 νόμον
719 359 937 402 ἐπισταμένη
957 368 1084 389 τουτου
1113 357 1181 399 μὲν
1210 369 1292 400 αμε-

227 404 374 459 λησειεν,
398 402 583 450 ἀθεμίτοις
607 402 647 438 δέ
669 402 798 446 ἑαυτὴν
818 399 957 443 ἐπιδοίη
976 399 1109 447 γάμοις,
1131 398 1204 435 ὑπὸ
1225 399 1294 444 τὴν

228 449 340 492 αυτὴν
361 453 545 497 γινομένης
567 446 697 492 ποινήν

1298 61 1354 110 96

2149 74 2209 108 ΒΕ
2237 73 2434 110 monem

1360 175 1455 221 poris
1480 174 1696 218 verberatio,
1728 177 1902 219 quatenus
1923 173 2038 210 discat
2061 176 2160 211 caste
2182 176 2298 212 vivere
2321 179 2358 213 et
2378 176 2434 213 in-

1359 225 1417 256 tra
1446 223 1609 255 naturam
1640 229 1678 255 se
1711 219 1910 262 continere,
1950 229 2023 255 non
2053 222 2172 255 autem
2200 220 2371 257 delectari
2399 225 2437 258 et

1360 275 1479 300 amare
1515 265 1610 300 ultra
1645 264 1833 300 terminum
1868 267 1904 299 et
1937 264 2077 300 traditis
2113 265 2216 301 nobis
2249 276 2274 302 a
2307 270 2437 304 natura

1361 311 1468 345 etiam
1503 309 1558 344 his
1595 309 1732 354 legibus
1765 319 1974 354 repugnare.
2028 309 2179 346 Muliere
2210 321 2370 356 quoque,
2404 311 2437 348 si

1329 359 1348 390 5
1361 355 1471 399 legem
1494 354 1609 390 sciens
1631 355 1725 389 hanc
1749 353 1889 399 quidem
1912 354 2124 400 neglexerit,
2146 355 2291 392 incestis
2315 358 2436 392 autem

1361 399 1585 444 semetipsam
1620 398 1808 435 tradiderit
1841 399 1995 445 nuptiis,
2038 400 2106 436 sub
2146 400 2270 437 eadem
2305 401 2436 438 consti-

1361 445 1495 481 tuenda
1517 453 1643 489 poena.

1217 579 1373 616 CAPUT
1396 579 1441 614 11.

272 656 304 699 Γ
332 665 377 698 Εἰ
389 666 510 708 μέντοι
530 659 669 703 τύχοιεν
686 661 723 694 ἐκ
742 662 929 706 προτέρων
947 657 1074 706 γάμων
1093 657 1294 704 ἆμέμπτων

229 707 351 743 παῖδες
374 707 472 743 ὄντες
495 704 605 750 αὐτῷ,
628 702 802 751 ἢὲγγονοι
826 703 934 746 τυχὸν
956 702 978 747 ἢ
997 708 1058 738 καὶ
1081 708 1294 761 περαιτέρω,

227 754 294 796 τὴν
317 751 492 799 πατρῴαν
515 749 621 804 εὐθὺς
644 752 770 783 ἐκεῖνοι
794 748 970 795 λήψονται
999 747 1179 793 διαδοχην,
1212 748 1294 784 αὐτ·
1310 752 1350 784 10

228 798 377 837 εξοὺσιοι
399 801 464 840 μὲν
491 798 535 841 τῆ
558 809 620 830 ’του
646 793 781 841 πατρὸς
810 797 966 839 τιμωοίᾳ
989 793 1187 841 γινόμενοι,
1218 797 1294 841 τρέ·

229 855 353 888 (povres
377 842 415 877 δὲ
437 834 532 886 ὅμως
556 839 667 874 αὐτὸν
694 842 752 873 καὶ
783 837 830 873 ’τᾶ
859 825 948 872 ἄλλα
978 840 1057 873 τῶν
1086 837 1295 886 ἀναγκαίων

228 892 446 935 παρεχοντες.
501 887 532 920 εἰ
561 884 628 933 γὰρ
658 888 717 919 καὶ
746 886 824 918 τῶν
853 881 979 928 νόμων
1006 880 1211 931 ὑπερόπτης
1241 886 1294 928 εἴη

227 937 285 966 καὶ
309 930 447 977 ἀσεβής,
470 929 558 965 ἀλλὰ
580 929 698 976 πατὴρ
721 925 817 974 ὅμως
840 930 926 963 ἐστι’.

1407 658 1446 693 Si
1476 667 1559 692 vero
1592 657 1779 702 contigerit
1800 667 1846 693 ex
1876 657 2053 703 prioribus
2082 658 2215 704 nuptiis
2238 658 2437 705 inculpabi-

1362 704 1455 738 libus
1476 702 1571 738 fflios
1594 712 1674 738 esse
1705 701 1757 745 ei,
1788 705 1853 738 aut
1881 707 2029 748 nepotes
2061 704 2155 739 forte
2186 705 2250 740 aut
2280 704 2438 748 ulterius,

1389 751 1548 783 aternam
1570 757 1653 782 mox
1675 746 1728 782 illi
1750 747 1931 793 accipiant
1954 749 2226 793 successionem,
2249 759 2336 785 suae
2359 749 2438 795 qui-

1362 759 1443 828 gem
1457 792 1644 838 potestatis
1659 792 1772 837 patris
1790 792 1966 838 supplicio
1982 793 2081 837 facti,
2104 796 2294 840 pascentes
2318 797 2439 830 autem

1364 848 1444 874 eum
1474 841 1511 873 et
1541 837 1613 873 alia
1643 837 1848 873 necessaria
1880 838 2103 884 praebentes.
2149 839 2243 876 Nam
2273 839 2360 876 licet
2387 839 2438 875 le-

1363 894 1446 929 gum
1471 885 1696 928 contemptor
1719 886 1756 918 et
1778 883 1908 928 impius
1933 883 1990 927 sit,
2014 887 2134 920 tamen
2156 888 2260 929 pater
2282 887 2348 921 est.

1211 1019 1367 1056 CAPUT
1390 1019 1454 1055 III.

271 1103 342 1134 Καὶ
365 1101 471 1135 τοῦτο
492 1101 559 1144 μὲν
582 1095 601 1152 a}
623 1097 713 1144 μετὰ
735 1100 850 1135 ταῦτα
873 1102 994 1155 ἐχέτω(
1014 1097 1138 1146 χρόνος
1161 1095 1180 1133 ὁ
1202 1097 1293 1143 μετὰ
1309 1102 1348 1134 15
1406 1098 1456 1133 Et
1478 1097 1549 1133 hoc
1571 1096 1714 1142 quidem
1738 1106 1889 1142 sequens
1910 1096 2043 1133 habeat
2064 1098 2205 1142 tempus
2228 1075 2312 1143 post
2333 1107 2437 1144 prae-

227 1146 292 1190 τὴν
313 1146 501 1203 παροῦσαν
522 1143 625 1189 ἡμων
653 1141 820 1186 διάταξιν
842 1146 947 1193 ῥέων,
977 1160 996 1180 o
1018 1143 1155 1190 μηδένα
1187 1142 1293 1187 λυπή-

225 1203 314 1235 σων,
345 1204 374 1225 ει
403 1204 444 1238 γε
473 1193 685 1236 σωφρονοίη.
732 1191 848 1230 ἔξεστι
878 1190 945 1238 γὰρ
974 1188 1087 1236 μηδὲν
1117 1186 1293 1235 ἁμαρτόν-

225 1242 253 1271 Δ
297 1247 361 1270 τας
382 1233 453 1270 ὑπὸ
477 1236 530 1279 τῷ
559 1232 661 1289 νόμωΙ
685 1234 802 1278 τούτῳ
825 1234 874 1280 μὴ
904 1235 1087 1279 τετάχθαι.
1186 1234 1230 1268 Τὸ
1254 1232 1297 1269 δέ

1362 1147 1497 1179 sentem
1522 1145 1682 1178 nostram
1707 1141 1997 1178 constitutionem
2030 1152 2193 1178 currens:
2229 1143 2330 1179 nullo
2354 1153 2439 1179 con·

1362 1187 1556 1230 tristando,
1589 1187 1619 1223 si
1647 1189 1746 1223 caste
1775 1187 1922 1232 vixerit;
1958 1187 2081 1223 licebit
2111 1188 2203 1224 enim
2233 1188 2323 1224 nihil
2355 1198 2440 1234 pec-

1362 1235 1484 1269 cantes
1519 1232 1587 1268 sub
1620 1232 1690 1268 hac
1721 1232 1800 1277 lege
1833 1242 1906 1268 non
1942 1232 2057 1268 subdi.
2115 1232 2218 1277 Quod
2251 1243 2335 1269 vero
2369 1233 2440 1269 iam

223 1296 263 1329 γε
293 1279 358 1324 η’δη
382 1291 702 1334 παρῳχηκοςΐουτε
730 1280 917 1315 παντελῶς
947 1283 1063 1326 ἐῶμεν
1087 1274 1294 1315 ἀνεύθυνον
1361 1281 1585 1314 transactum
1616 1281 1688 1320 est,
1724 1287 1790 1313 nec
1820 1277 1963 1314 omnino
1992 1278 2081 1313 relin
2106 1279 2223 1314 nimus
2257 1278 2440 1315 innoxium

224 1326 305 1360 οὔτε
328 1326 563 1361 παντάπασιν
591 1324 662 1360 υπὸ
694 1325 826 1372 πικρὰν
857 1330 1011 1382 φέρομεν
1039 1323 1291 1373 ἀγανάκτησιν.
1306 1327 1348 1359 20
1362 1334 1427 1359 nec
1450 1323 1615 1359 omnibus
1638 1322 1754 1358 modis
1777 1323 1846 1358 sub
1869 1323 2000 1358 acerba
2023 1323 2267 1368 indlgnatione
2289 1324 2439 1360 submit-

223 1369 316 1406 Ἀλλ’
349 1372 385 1405 εἴ
407 1383 460 1405 τις
488 1369 658 1414 ἀθέμιτος
684 1373 727 1416 γε’
747 1383 807 1405 ονε
852 1383 955 1416 αμος,
985 1372 1016 1406 εἰ
1038 1373 1105 1416 μὲν
1127 1370 1294 1415 ἔφθασεν

225 1413 424 1460 οἱῳδήποτε
446 1413 571 1462 τρόπῳ
595 1406 695 1449 οὗτος
741 1384 946 1460 ιαλυθῆναι,
967 1414 1166 1451 ἀνεύθυνος
1187 1417 1292 1450 ἔστω.

225 1463 256 1495 εἰ
280 1460 319 1495 δὲ
346 1458 408 1495 ὅδε
435 1459 539 1505 ἡμῶν
561 1457 580 1494 ὁ
604 1459 709 1503 νόμος
732 1457 827 1508 εῧροι
849 1461 932 1496 τινὰ
953 1461 1151 1506 pera-rab}
1180 1458 1293 1495 τοιού-

224 1519 302 1541 των
324 1504 459 1560 γᾴμων,
483 1504 608 1539 ἄδειαν
632 1506 759 1540 ἐκεῖνος
782 1508 902 1548 ἐχέτω,
931 1506 1007 1560 ἀφ’ἱ
1023 1505 1133 1560 οὗπερ
1157 1503 1295 1541 ἅπασιν

1362 1369 1480 1405 timus.
1527 1368 1598 1404 Sed
1621 1368 1653 1404 si
1676 1378 1767 1413 quae
1789 1367 1948 1404 incestae
1969 1368 2090 1404 factae
2113 1372 2198 1405 sunt
2219 1379 2268 1414 nu
2293 1368 2384 1409 tiae,
2409 1369 2439 1404 si

1364 1413 1505 1460 quidem
1540 1413 1713 1458 contingit
1747 1423 1809 1449 eas
1838 1413 1996 1457 quolibet
2030 1413 2134 1449 modo
2169 1413 2266 1450 disso
2281 1415 2333 1457 vi,
2363 1414 2439 1450 sine

1363 1462 1466 1494 reatu
1502 1459 1589 1502 sint:
1627 1460 1659 1494 si
1689 1469 1772 1494 vero
1807 1458 1897 1494 haec
1927 1461 2053 1494 nostra
2081 1459 2141 1494 lex
2170 1459 2344 1495 invenerit
2374 1459 2440 1494 ali-

1364 1515 1468 1550 quem
1499 1506 1583 1549 post
1605 1504 1696 1540 tales
1726 1503 1890 1549 nuptias,
1919 1503 2098 1540 licentiam
2127 1500 2187 1540 ill'e
2215 1504 2365 1548 habeat,
2396 1514 2441 1540 ex

225 1554 381 1596 έμφανης
397 1554 546 1598 γένοιτο,
570 1552 746 1585 ἐνιαυτῶν
769 1551 854 1585 εἴσω
874 1553 944 1588 duo
968 1566 1035 1607 την
1058 1562 1172 1586 ουτως
1196 1547 1293 1595 αὐτῷ
1308 1554 1349 1586 25
1364 1561 1434 1595 quo
1460 1549 1622 1585 omnibus
1646 1549 1827 1584 insinuata
1849 1552 1914 1590 est,
1938 1549 2033 1585 intra
2054 1549 2143 1585 duos
2159 1559 2274 1585 annos
2296 1549 2350 1584 sic
2372 1549 2441 1585 sibi

226 1597 479 1642 συναφθεῖσαν
509 1596 739 1640 ἀποπέμπειν
792 1596 935 1641 αμετήν,
974 1611 1037 1631 ουκ
1065 1594 1294 1631 ἐπανελευσο-

224 1644 335 1686 μένην
367 1643 422 1675 ἔτι
450 1640 537 1686 πρὸς
566 1639 678 1675 αὐτὸν
707 1610 790 1675 οὗδζ
819 1640 1021 1677 διεστῶσαν
1046 1644 1115 1698 μὲν
1138 1642 1191 1685 τῷ
1217 1639 1296 1685 σχή·

224 1700 322 1731 ματι,
346 1690 422 1720 ταῖς
442 1684 482 1720 δὲ
496 1683 682 1729 ἀληθείαις
699 1687 879 1721 συνοῦσαν
900 1688 999 1731 (ἴσως
1015 1701 1082 1734 γαρ
1101 1683 1214 1721 οὕτως
1237 1689 1296 1720 καὶ

224 1735 297 1765 τοῖς
323 1734 505 1777 προτέροις
527 1728 817 1777 ἀπολογήσεται),
837 1730 1128 1787 xpaim&'quartae
1151 1733 1212 1775 τῆς
1237 1730 1295 1765 αὖ·

1365 1596 1567 1640 copulatam
1600 1594 1775 1630 dimittere
1806 1594 2010 1638 coniugem,
2040 1605 2113 1630 non
2141 1604 2363 1631 reversuram
2386 1594 2441 1630 ul·

1364 1640 1477 1675 terius
1505 1639 1551 1675 ad
1573 1650 1654 1675 eum
1686 1649 1801 1684 neque
1831 1641 2034 1684 separatam
2067 1639 2206 1684 quidem
2235 1638 2441 1684 figuraliter,

1364 1696 1430 1730 pro
1451 1685 1601 1721 veritate
1623 1694 1707 1721 vero
1731 1685 1957 1720 coniunctam
1987 1685 2122 1727 (forsan
2145 1685 2239 1720 enim
2262 1685 2314 1720 sic
2345 1685 2440 1730 prio-

1363 1731 1464 1766 ribus
1488 1730 1720 1774 satisfaciat),
1744 1730 1822 1765 sola
1844 1732 1972 1775 quarta
1996 1730 2071 1766 eius
2094 1730 2318 1766 substantiae
2340 1734 2442 1775 parte

222 1777 292 1819 τοῦ
327 1780 529 1822 περιουσίας
555 1779 679 1823 μοίρας
713 1778 773 1810 ἐπὶ
807 1790 849 1811 το
886 1776 1057 1833 ὃημοσιον
1092 1780 1293 1832 φερομένης.
1309 1779 1351 1812 30
1364 1776 1410 1811 ad
1432 1777 1558 1811 fiscum
1582 1775 1791 1817 deferenda,
1823 1778 1860 1811 et
1883 1774 1930 1810 ad
1952 1774 2063 1819 filios,
2088 1775 2254 1820 quoniam
2278 1774 2329 1810 eis
2351 1779 2441 1810 tam-

227 1825 249 1855 Ε
298 1825 372 1857 Καὶ
398 1821 478 1856 τούς
505 1834 544 1868 γε
567 1819 715 1863 παῖδας,
745 1820 936 1869 ἐπειδήπερ
967 1826 1086 1858 αυτοῖς
1118 1834 1166 1857 ως
1196 1835 1294 1856 ανευ-

225 1865 352 1901 θύνοις
374 1867 631 1913 συγχωροῦμεν,
663 1867 694 1900 εἰ
723 1868 790 1911 μὲν
813 1867 917 1910 μόνοι
940 1871 1000 1902 καὶ
1032 1867 1080 1913 μὴ
1103 1864 1194 1912 μεθ’
1222 1868 1293 1903 ἑτέ-

224 1925 300 1957 ρων
322 1914 381 1945 καὶ
405 1909 527 1945 αὐτῶν
548 1915 709 1958 γνησίων
732 1911 803 1945 εἶεν
826 1913 864 1953 ἐξ
886 1913 1020 1959 ἑτέρων
1042 1910 1170 1960 γάμων
1192 1909 1291 1947 ἄνευ·

226 1955 355 1991 θύνων
376 1959 590 2003 γενομένων,
620 1955 670 2000 μὴ
701 1958 908 2004 στερεῖσθαι
931 1961 992 2002 τῆς
1020 1956 1194 2005 πατρῴας
1217 1956 1292 1992 δια-

1363 1831 1469 1866 quam
1492 1820 1646 1857 innoxiis
1671 1820 1897 1856 concedimus
1921 1824 1979 1863 ut,
2005 1820 2036 1856 si
2059 1820 2201 1865 quidem
2221 1820 2289 1856 soli
2311 1823 2347 1855 et
2369 1830 2441 1856 non

1364 1877 1445 1902 cum
1468 1866 1547 1902 aliis
1571 1868 1609 1901 et
1630 1865 1718 1911 ipsis
1745 1865 1911 1909 legitimis
1943 1865 2016 1901 sint
2046 1876 2091 1901 ex
2117 1865 2199 1901 aliis
2228 1864 2362 1911 nuptiis
2388 1865 2441 1901 in-

1363 1911 1600 1957 culpabilibus
1618 1911 1862 1955 existentibus,
1885 1921 1958 1946 non
1981 1910 2164 1956 priventur
2186 1914 2338 1956 paterna
2357 1920 2440 1946 suc-

224 2070 344 2115 qatio:
371 2073 412 2104 ut
434 2069 548 2104 discat
571 2075 669 2105 caste
690 2070 822 2112 vivere,
846 2074 883 2105 et
902 2070 1000 2106 intra
1020 2075 1189 2106 naturam
1211 2081 1251 2105 se
1273 2070 1479 2113 continere,
1510 2080 1576 2106 nec
1598 2080 1684 2105 vero
1708 2068 1897 2105 luxuriari
1919 2072 1956 2105 et
1977 2079 2073 2115 quae
2095 2068 2239 2105 modum
2261 2069 2443 2107 eoecedunt

225 2118 393 2166 appetere
417 2113 621 2165 leqibusque
641 2125 664 2148 a
686 2119 820 2150 natura
842 2114 945 2150 nobis
969 2115 1111 2150 traditis
1134 2116 1203 2151 vim
1225 2115 1362 2161 facere.
1410 2113 1545 2151 Mulier
1575 2125 1739 2162 quoque,
1769 2114 1802 2149 si
1825 2113 1939 2160 leqem
1960 2115 2079 2150 sciens
2101 2114 2308 2161 neglexerit
2329 2119 2365 2151 et
2387 2115 2441 2151 in-

226 2163 331 2194 cestts
353 2159 488 2206 nuptiis
509 2170 548 2194 se
571 2157 720 2201 dederit,
743 2158 891 2195 eandem
907 2171 1066 2207 poenam
1088 2160 1225 2196 subeat.

356 2216 402 2250 11.
451 2214 492 2250 Si
514 2226 600 2251 vero
623 2227 672 2251 ex
696 2215 886 2262 prioribus
910 2217 1047 2263 nuptiis
1073 2217 1182 2264 culpa
1204 2217 1327 2253 vacuis
1351 2216 1454 2252 liberi
1480 2216 1514 2252 ei
1536 2216 1609 2252 sint
1636 2215 1693 2252 vel
1719 2215 1823 2268 forte
1844 2219 1995 2306 uffotes
2017 2214 2076 2251 vel
2101 2215 2209 2251 etiam
2238 2215 2440 2259 ulteriores,

225 2260 278 2295 illi
291 2261 464 2307 protinus
483 2265 675 2307 paternam
698 2261 876 2307 accipient
897 2261 1174 2305 successionem,
1203 2266 1245 2298 ut
1263 2273 1335 2309 per
1351 2262 1474 2309 patris
1494 2272 1650 2309 poenam
1671 2271 1728 2296 sut
1752 2260 1844 2296 iuris

1893 2264 1975 2304 ant,
2000 2259 2102 2296 illum
2128 2264 2246 2297 tamen
2268 2260 2371 2297 alant
2392 2261 2442 2298 ei-

226 2316 294 2351 que
313 2306 452 2352 reliqua
475 2306 677 2340 necessaria
694 2309 888 2352 praestent.
935 2305 1036 2342 Licet
1058 2307 1150 2342 enim
1174 2306 1293 2354 lequm
1316 2310 1542 2354 contemptor
1565 2310 1602 2342 et
1622 2306 1756 2352 impius
1777 2305 1837 2348 sit,
1861 2309 1902 2341 at
1923 2305 2048 2352 utique
2067 2309 2177 2352 pater
2198 2310 2260 2342 est.

357 2361 420 2396 111.
469 2360 519 2396 Et
542 2360 611 2396 hoc
630 2361 771 2407 quidem
790 2366 907 2398 servet
919 2363 1087 2408 futurum
1110 2367 1267 2410 tempus,
1296 2363 1396 2410 quod
1443 2367 1499 2398 ost
1521 2362 1615 2398 hanc
1634 2363 1927 2399 constitutionem
1947 2360 2125 2404 decurret,
2146 2361 2248 2414 quod
2268 2363 2442 2399 neminem

226 2406 351 2442 dolore
366 2406 521 2452 afliciat,
545 2406 735 2442 dummodo
755 2410 852 2443 caste
871 2407 975 2443 vivat.
1012 2407 1106 2443 Nam
1119 2408 1268 2444 liberum
1289 2413 1344 2445 est
1357 2408 1396 2443 ni
1422 2408 1452 2443 il
1468 2406 1714 2454 delinquentes
1736 2407 1819 2443 huic
1835 2407 1908 2454 leqi
1930 2417 2005 2442 non
2018 2406 2199 2452 subiunqt.

2235 2405 2344 2451 Quod
2358 2418 2442 2444 vero

226 2452 297 2485 iam
325 2451 531 2498 praeteriit,
564 2462 677 2497 neque
701 2451 816 2498 plane
843 2452 1056 2499 impunitum
1079 2464 1155 2489 esse
1179 2454 1329 2489 sinimus
1359 2465 1404 2489 ne
1431 2464 1475 2489 ue
1498 2453 1648 2500 penitus
1674 2452 1826 2489 acerbae
1853 2451 2098 2504 indiqnationi
2119 2450 2322 2488 subicimus.
2369 2452 2443 2489 Sed

226 2497 257 2530 si
283 2507 376 2542 quae
398 2496 553 2531 incestae
576 2496 724 2542 nuptiae
745 2501 953 2533 contractae
974 2498 1134 2542 fuerint,
1168 2499 1201 2533 si
1224 2498 1365 2545 quidem
1388 2509 1412 2534 a
1426 2499 1513 2545 iquo
1538 2497 1646 2534 modo
1673 2499 1746 2534 iam
1770 2502 1879 2534 antea
1902 2496 2100 2532 dassolutae
2121 2496 2214 2540 sint,
2245 2497 2445 2551 impunitae

227 2545 403 2575 maneant.
451 2540 515 2575 Sin
539 2552 642 2586 quem
668 2540 755 2576 haec
778 2549 905 2577 nostra
930 2543 992 2578 Iex
1015 2543 1175 2579 inveniat
1207 2543 1338 2579 talibus
1360 2543 1499 2590 nuptiis
1521 2547 1695 2586 utentem,
1727 2543 1867 2580 veniam
1893 2541 2026 2578 habeat
2046 2541 2109 2577 ille
2130 2541 2231 2578 intra
2252 2541 2443 2584 buennium,

229 2595 277 2620 esc
308 2596 380 2630 quo
411 2584 474 2620 lex
503 2586 663 2621 omnibus
691 2587 886 2632 manifesta
913 2587 1002 2632 fiat,
1034 2599 1188 2623 uxorem
1219 2589 1287 2624 sibi
1317 2589 1370 2624 ita
1402 2588 1607 2635 copulatam
1641 2587 1862 2630 dimittendi,
1897 2598 1972 2623 non
2001 2586 2159 2633 amplius
2191 2586 2242 2622 ad
2273 2597 2352 2623 eum
2387 2598 2443 2623 re-

229 2640 428 2680 versuram,
459 2640 524 2665 nec
543 2631 660 2676 specie
683 2631 824 2676 quidem
850 2636 1075 2678 separatam,
1107 2637 1148 2668 ut
1172 2638 1287 2669 tamen
1311 2644 1352 2669 re
1374 2644 1461 2669 vera
1484 2633 1776 2670 consuetudinem
1804 2643 1883 2668 cum
1907 2642 1950 2667 eo
1974 2630 2105 2667 habeat
2134 2631 2249 2677 (forte
2275 2632 2368 2667 enim
2390 2631 2443 2667 sic

230 2679 337 2709 ettam
358 2674 541 2720 prioribus
563 2675 779 2720 satisfaciet)
787 2689 800 2717 ,·
828 2680 936 2722 atque
960 2682 1093 2722 quarta
1114 2689 1205 2724 pars
1227 2678 1309 2713 sola
1332 2678 1556 2715 substantiae
1586 2679 1665 2714 eius
1688 2678 1739 2714 ad
1756 2679 1886 2724 fiscum
1909 2676 2110 2724 deferatur.
2157 2675 2209 2711 Et
2234 2675 2338 2712 libera·
2364 2676 2443 2723 qui-

230 2718 307 2752 dem
316 2746 335 2770 ,ι
350 2719 519 2771 quoniam
543 2719 616 2771 illis
638 2724 677 2754 ut
699 2720 898 2756 insontibus
923 2721 1158 2767 iqnoseimus,
1189 2724 1221 2758 si
1245 2722 1387 2768 quidem
1410 2723 1480 2759 soli
1503 2725 1577 2760 sint
1598 2735 1715 2777 neque
1736 2734 1812 2759 una
1835 2733 1915 2758 cum
1938 2721 2022 2757 aliis
2042 2720 2158 2767 iisque
2182 2720 2368 2767 leqitimis‚
2390 2731 2441 2758 ex

230 2763 353 2799 alteras
372 2768 507 2809 nuptus
527 2764 631 2798 licitis
644 2765 862 2810 proqenitis,
883 2776 957 2800 non
969 2767 1161 2812 priventur
1178 2773 1336 2813 paterna
1357 2769 1602 2805 successione:
1623 2769 1693 2804 nasi
1714 2769 1818 2815 forte
1840 2778 1902 2803 eos
1914 2769 2027 2814 pater
2041 2765 2121 2802 iure
2135 2776 2271 2802 exosus
2289 2770 2446 2814 propter

279 2879 291 2910 l
318 2878 389 2916 καὶ1
411 2889 450 2909 τε
472 2878 530 2908 καὶ
546 2877 579 2909 Β
595 2877 607 2918 11
626 2879 644 2910 3
668 2874 967 2921 παραδιδομένων
984 2879 1029 2911 B'
1048 2879 1061 2921 11
1077 2881 1096 2913 4
1118 2880 1156 2912 ἐκ
1171 2893 1228 2914 om.
1242 2882 1271 2914 A
1285 2880 1297 2927 11

229 2918 591 2962 καταυθαδιάζεσθαι
614 2918 750 2964 νόμων]
783 2935 912 2952 nou·
936 2920 1104 2965 δίζεσθαι
1117 2922 1229 2967 νόμον
1249 2927 1295 2959 L·

229 2967 326 2999 etiam
339 2966 392 2998 his
403 2965 531 3007 legibus
545 2975 727 3007 repugnare
740 2978 759 3001 ς
776 2966 789 3010 11
804 2969 862 2999 καὶ
875 2967 936 3009 τῆς
953 2966 1127 3014 γυναικός,
1140 2968 1182 3011 εἴ]
1204 2969 1297 3003 εἴτις

230 3008 269 3043 δὲ
292 3013 352 3044 καὶ
374 3010 555 3056 γυναικῶν
579 3011 607 3043 Λ
635 3010 647 3053 11
671 3013 689 3043 5
713 3011 948 3054 ἐπισταμένης
970 3013 1022 3046 B!
1035 3015 1047 3055 11
1065 3016 1082 3047 7
1132 3016 1297 3058 ενομένης

228 3057 458 3102 (γενομε’νηνῖ
472 3055 531 3095 12¹)
551 3055 576 3086 J,
592 3054 758 3099 γενέσθω
772 3056 801 3088 Λ
819 3057 831 3096 11
848 3058 867 3089 8
891 3053 1062 3099 ἆμέπτων
1116 3084 1125 3098 ,
1139 3072 1197 3093 om.
1214 3060 1265 3092 B!
1285 3059 1297 3111 11

230 3106 249 3132 ss
274 3096 363 3142 αὖτῆ
392 3100 435 3132 [13
453 3099 465 3143 11
481 3097 642 3145 ἐγγόνους
668 3100 716 3132 L³
738 3101 875 3145 ἔκγονοι
900 3103 981 3134 ΑΒ·
999 3103 1011 3145 11
1026 3101 1133 3144 τυχὸν
1157 3117 1214 3136 om.
1232 3105 1261 3137 A
1284 3105 1296 3147 11

232 3148 271 3179 10
295 3147 407 3178 ἐκεῖνο
432 3145 478 3178 L¹
497 3148 509 3187 11
526 3142 711 3187 λείψονται
738 3145 767 3177 L
787 3145 799 3187 11
819 3148 852 3178 11
880 3146 946 3188 μὲν
967 3160 1024 3179 om.
1040 3150 1069 3180 A
1086 3148 1098 3190 11
1115 3145 1297 3193 γενόμενοι

233 3190 291 3234 Β11
314 3192 352 3224 12
375 3185 472 3233 ὅμως
495 3202 552 3222 om.
567 3188 616 3232 ς11
637 3191 674 3221 13
695 3188 726 3220 εἰ
748 3188 826 3233 γὰρ]
850 3192 909 3222 καὶ
935 3189 1001 3235 γὰρ
1026 3191 1057 3224 εἰ
1075 3193 1105 3225 Δ
1123 3192 1136 3235 11
1151 3190 1217 3225 τὸν
1241 3193 1297 3227 νό-

227 3247 296 3277 μον
319 3231 524 3280 tanqam..
548 3235 594 3284 L]
616 3233 628 3277 ιι
652 3233 704 3274 εἴη
727 3234 830 3273 mn]
855 3231 876 3276 ἢ
896 3223 1002 3277 ‹zm›
1023 3237 1107 3269 LBr
1120 3239 1274 3271 ‹mms-
1287 3238 1299 3283 ιι

235 3282 270 3313 14
295 3277 382 3313 ἀλλὰ
405 3281 465 3312 καὶ
488 3290 608 3323 παττρ
631 3277 695 3362 Λὲ
713 3280 749 3311 15
778 3280 836 3310 καὶ
858 3279 971 3312 ταῦτα
993 3281 1060 3322 μὲν
1083 3277 1102 3313 ὃ
1122 3279 1211 3323 μετὰ
1233 3281 1299 3325 τὴν

230 3325 416 3369 παροῦσαν
439 3319 461 3367 ἦ
489 3324 543 3357 ὧν
565 3292 672 3356 laam
696 3334 732 3354 ιν
755 3322 848 3368 ῥέων
873 3324 981 3364 ἐχέτω
1010 3323 1133 3369 χρόνος
1162 3323 1299 3369 μηδένα

230 3368 399 3411 λιιπὴσων
415 3371 442 3402 Δ
503 3370 540 3403 17
564 3364 677 3411 μηδὲν
699 3365 924 3419 ἁμαρτόντας
944 3364 1227 3419 (ἁμαρτάνοντας
1252 3373 1298 3414 Β)

232 3415 370 3454 ,11ΕΒς]
402 3415 456 3447 τῶ
477 3411 682 3455 βουλομένω
706 3413 733 3445 Δ
753 3411 766 3456 11
788 3414 823 3445 18
854 3410 923 3445 υπὸ
946 3425 1012 3445 τον
1035 3414 1147 3456 νόμον
1170 3416 1299 3449 τοῦτον

234 3458 450 3503 Huloandern
467 3454 599 3500 τούτῳ]
623 3457 730 3491 τοῦτο
751 3457 795 3489 Μ
807 3457 818 3492 ΙΙ
833 3455 1021 3498 τετάχθαι]
1046 3456 1220 3499 τετάχθαι
1240 3474 1298 3493 κα-

231 3500 467 3548 λοπραγοῦντι
480 3506 510 3537 A
528 3503 542 3547 Ι
560 3504 600 3537 19
622 3498 716 3542 οὔτε]
730 3497 770 3534 οὗ
786 3501 820 3534 Β
835 3500 848 3544 Ι
866 3501 1006 3544 lebun-
1023 3503 1068 3535 L¹
1084 3503 1097 3546 11
1116 3505 1151 3536 21
1182 3505 1298 3548 ἔφθα-

229 3557 298 3579 σαν
315 3548 364 3579 B!
379 3547 449 3590 1122
474 3538 575 3581 οὗτος
598 3560 655 3581 om.
671 3548 701 3580 A
721 3546 849 3585 sse'atou
867 3546 924 3579 M⁰
942 3546 1011 3591 1123
1036 3547 1067 3580 εἰ
1090 3544 1130 3579 δὲ
1150 3544 1170 3580 ό
1193 3547 1299 3583 τόσδε

232 3586 330 3630 ἡμῶν
354 3592 459 3644 νόμος
482 3595 510 3625 A
535 3592 566 3625 et
588 3589 628 3625 δὲ
651 3587 670 3625 ὁ
694 3588 801 3634 νόμος
821 3586 925 3634 ἡμῶν
950 3592 984 3625 Β
999 3591 1012 3635 11
1029 3590 1118 3635 μετὰ
1140 3592 1205 3625 τὸν
1227 3607 1297 3627 τοι·

228 3635 333 3668 οἶκτον
355 3648 468 3682 γαμον
495 3638 551 3674 Be
575 3636 589 3682 11
612 3639 654 3672 24
678 3637 807 3670 ἐκεῖνος
831 3648 888 3669 om.
906 3637 936 3669 A
960 3635 973 3681 11
996 3639 1038 3671 25
1064 3637 1129 3670 duo
1153 3638 1210 3679 M]
1235 3637 1297 3672 δύο

1367 2883 1412 2916 M
1427 2896 1453 2917 s.
1474 2897 1515 2923 v„
1540 2884 1642 2918 ΜΒ
1668 2883 1681 2927 ιι
1711 2885 1753 2918 27
1790 2879 1987 2927 διιστῶσαν
2009 2881 2057 2914 L*
2086 2879 2100 2925 ιι
2126 2882 2170 2934 as
2197 2869 2299 2915 οὗτοι
2320 2881 2401 2914 AL¹
2432 2879 2446 2926 ιι

1366 2929 1407 2960 29
1437 2927 1505 2971 τὴν
1533 2930 1714 2982 προτέραν
1737 2929 1769 2962 L
1796 2926 1809 3018 11
1837 2928 1971 2983 cuart’ae
1983 2926 2052 2980 -M,
2087 2936 2258 2980 τεταρτης
2280 2926 2328 2960 Μ
2349 2938 2376 2960 e.
2401 2938 2445 2967 υ.,

1365 2973 1476 3061 5151le
1477 2973 1571 3051 11303
1575 2976 1632 3015 το]
1656 2986 1723 3007 τον
1743 2974 1779 3007 Β
1805 2973 1811 3018 1
1827 2974 1867 3008 31
1894 2981 2014 3005 αυτοις
2030 2971 2089 3012 J),
2114 2972 2217 3004 αυτοὶ
2230 2970 2307 3015 L³1
2324 2972 2368 3006 34
2389 2982 2443 3017 γε·

1414 3109 1428 3140 1
1463 3109 1496 3139 et
1526 3121 1584 3141 om.
1608 3108 1658 3141 R¹
1687 3106 1700 3152 11
1728 3109 1748 3142 2
1780 3107 1943 3140 delectare
1966 3108 2014 3140 R‘
2043 3106 2056 3151 11
2086 3109 2106 3141 3
2137 3116 2247 3139 amare
2276 3104 2445 3138 ultraditis

1366 3152 1544 3184 terminum
1574 3153 1670 3185 nobis
1693 3163 1714 3185 a
1742 3154 1863 3185 natura
1888 3153 1935 3186 R·
1962 3151 1976 3197 11
2005 3154 2026 3186 4
2061 3151 2194 3184 mulieri
2214 3150 2247 3183 V
2271 3149 2443 3183 mulierem

1367 3197 1399 3228 R
1425 3196 1437 3239 11
1467 3198 1487 3231 8
1512 3197 1716 3240 contingerit
1739 3197 1787 3231 R¹
1817 3197 1830 3242 11
1856 3199 1877 3231 9
1900 3198 2005 3230 eforte
2029 3196 2078 3230 Ει
2103 3195 2116 3241 11
2142 3198 2182 3230 10
2204 3196 2342 3238 paterna
2362 3194 2412 3228 V·
2432 3193 2444 3239 11

1369 3242 1405 3274 11
1433 3241 1529 3274 factis
1552 3243 1599 3275 R*
1624 3242 1636 3286 11
1666 3244 1703 3276 12
1727 3252 1802 3275 eum
1827 3255 1886 3276 om.
1911 3242 1945 3275 R
1972 3240 1986 3286 11
2013 3244 2051 3276 13
2075 3243 2109 3274 et
2132 3253 2189 3275 om.
2211 3239 2259 3274 Β*
2284 3237 2442 3284 {ltantum

1374 3285 1425 3318 V¹
1449 3285 1462 3330 11
1491 3288 1529 3320 15
1553 3289 1702 3329 sequens]
1724 3289 1772 3320 est
1794 3288 1872 3321 add.
1898 3286 1946 3321 R¹
1967 3286 1981 3331 11
2002 3289 2043 3321 16
2066 3283 2337 3319 consuetudinem
2359 3284 2409 3318 Β*

1366 3331 1562 3363 constristari
1586 3332 1628 3364 do
1649 3333 1694 3366 Va
1709 3332 1722 3376 11
1745 3334 1782 3366 17
1808 3332 1896 3365 enim
1920 3331 2040 3365 σπι.Βῖ
2090 3332 2130 3366 18
2148 3331 2230 3371 non]
2255 3339 2336 3361 num
2358 3328 2407 3362 R·

1370 3375 1409 3407 19
1436 3375 1665 3427 ὶιιιιο1ιιοιίιιῐιι
1689 3377 1737 3410 R¹
1765 3376 1778 3421 Ι
1808 3379 1847 3411 21
1881 3377 1952 3419 siq·
1975 3376 2024 3410 V¹
2093 3376 2136 3410 22
2167 3373 2370 3415 contingerit
2392 3373 2426 3407 R

1367 3419 1546 3460 contigerit
1568 3422 1675 3465 vu19.;
1700 3423 1760 3466 leq.
1785 3421 1951 3464 contigit?
1976 3419 1989 3464 11
2012 3421 2055 3455 23
2078 3421 2157 3453 sunt
2176 3420 2210 3453 R
2227 3417 2300 3463 1124
2322 3417 2444 3451 habeat

1366 3462 1425 3495 ille
1447 3463 1560 3507 V1125
1584 3466 1666 3499 duos
1689 3479 1726 3500 su
1748 3468 1795 3510 pl.
1819 3467 1869 3501 V'
1891 3468 1925 3501 in
1946 3472 2031 3510 spat.
2053 3477 2125 3499 vac.
2141 3464 2154 3508 Ι
2172 3465 2213 3498 27
2242 3462 2442 3506 fugax-alitor

1367 3507 1453 3547 (ficte
1476 3520 1502 3540 ι.
1526 3522 1556 3541 υ.
1584 3510 1643 3552 R2)
1669 3511 1702 3544 R
1723 3480 1804 3555 11930
1827 3512 1898 3545 ¹“ad
1917 3510 2013 3552 filios,
2037 3509 2193 3552 quoniam
2213 3508 2271 3550 eis]
2293 3507 2335 3540 ad
2356 3507 2442 3540 filios

1367 3561 1464 3592 quam
1488 3553 1535 3585 eis
1552 3555 1601 3586 R²
1625 3557 1657 3589 in
1682 3568 1748 3589 ras.
1777 3558 1815 3590 12
1842 3559 1920 3600 sere
1943 3557 2014 3597 liu„
2046 3555 2111 3589 VT
2136 3554 2239 3593 (omni
2268 3553 2335 3586 alia
2362 3551 2440 3585 nub·

1365 3597 1488 3629 stantia
1511 3599 1587 3631 add.
1613 3607 1687 3634 ante
1709 3600 1751 3633 ad
1775 3601 1861 3634 filios
1880 3600 1932 3635 V³
1955 3602 1989 3634 in
2011 3612 2085 3644 my„
2104 3607 2182 3643 post
2203 3598 2289 3634 filim
2310 3596 2442 3643 vulg->n

1366 3641 1408 3674 32
1432 3641 1511 3684 ipsis
1534 3642 1691 3685 legitimis
1713 3646 1814 3690 vala]
1838 3646 1903 3689 ipsi
1925 3644 2069 3690 legitimi
2087 3644 2194 3680 RVT
