2592 3840
238 70 347 114 Nov.
369 71 525 114 XCVII
556 75 592 113 4.
614 74 639 113 5

1300 67 1387 115 474
1808 83 1870 114 nn
1897 83 2212 122 momnmim
2239 83 2370 117 nous
2395 83 2454 115 m·

236 184 296 215 καὶ
328 183 444 228 ῥητῶς
473 179 563 216 αὐτὸ
595 182 702 215 τοῦτο
727 182 917 228 ἐγγραφείη
949 182 1001 224 τῷ
1027 181 1233 227 συμβολαίῳ
1255 186 1315 216 καὶ.
1382 181 1488 216 batur
1510 181 1744 218 instrumento
1776 183 1813 218 et
1841 181 1879 217 in
1907 181 1977 218 hoc
2005 182 2070 218 fiat
2124 185 2261 225 actum,
2292 187 2334 218 ut
2364 193 2453 219 casu

236 228 298 260 ἐπὶ
315 224 435 270 τούτῳ
458 229 605 273 γένηται
628 225 836 272 σύμφωνον,
865 222 953 260 aisn
975 227 1041 261 τοῦ
1065 226 1196 261 κάσσου
1218 240 1312 274 γινο-
1381 225 1610 271 proveniente
1633 227 1731 272 prior
1754 227 1801 262 sit
1820 226 1918 263 solus
1941 226 2003 272 qui
2025 226 2072 262 ad
2121 237 2164 263 oc
2184 227 2344 272 credidit,
2367 228 2452 263 huic

236 274 344 315 μένου
368 271 584 317 κυριώτερον
613 271 704 305 εἶναι
727 269 844 315 μόνον
871 271 938 305 τὸν
969 273 1028 306 ἐπὶ
1051 271 1171 316 τούτῳ
1195 270 1310 307 δανεί-
1382 272 1458 307 solo
1491 272 1590 307 casui
1619 271 1744 308 cedere
1774 271 1972 313 mullerem,
2003 281 2118 318 neque
2148 271 2254 308 facile
2275 272 2451 309 credendo

236 327 372 359 σαντα,
396 318 515 359 τούτῳ
537 316 640 359 μόνῲ
665 317 718 358 τῷ
743 316 879 360 θέματι
911 320 1140 362 παραχωρεῖν
1168 317 1236 351 τ“ν
1256 331 1313 362 γυ-
1382 326 1495 361 neque
1525 326 1591 361 per
1620 319 1748 361 testes,
1786 316 1847 352 sed
1878 316 2018 362 negotio
2053 320 2089 352 et
2123 318 2258 362 scripto
2286 321 2384 362 gesto
2416 321 2452 352 et

235 364 358 402 ναῖκα,
392 359 482 405 μηδὲ
513 358 611 403 αὐτῷ
641 365 835 406 προχείρως
866 365 1112 406 πιστευομένῳ
1141 376 1190 407 μη
1215 364 1232 396 ε’
1255 361 1313 397 διὰ
1349 366 1368 397 5
1382 362 1527 396 testium
1549 361 1703 397 habente
1727 361 2008 407 subscriptiones
2038 365 2075 397 et
2095 362 2174 408 ipso
2197 371 2304 407 opere
2326 372 2451 408 proee-

235 405 442 451 μαρτύρων,
473 403 562 439 ἀλλὰ
586 407 650 439 τοῦ
675 406 881 453 πράγματος
910 410 970 440 καὶ
994 408 1178 454 ἐγγράφως
1200 419 1311 453 πρατ-
1382 407 1499 442 dente.
1543 406 1645 442 Tune
1676 406 1770 443 enim
1800 407 1831 442 si
1862 417 1926 460 per
1955 417 2093 443 omnem
2126 407 2327 443 huiusmodi
2361 407 2452 442 vitm

235 455 386 495 τομένου
409 454 468 485 καὶ
491 450 687 496 μαρτύρων
718 453 860 493 ἔχοντος
891 449 1030 498 ὑπογρα
1061 453 1102 487 ὰς
1128 456 1188 486 καὶ
1212 450 1311 495 αὐτῷ
1383 461 1493 487 causa.
1520 451 1708 497 procedat,
1740 452 1979 497 suspicionem
2010 462 2081 488 non
2113 452 2255 496 habeat,
2290 454 2327 487 et
2356 462 2451 488 com-

237 498 288 538 τῷ
323 498 413 542 ἔργῳ
446 499 715 541 προβαίνοντος.
765 495 850 531 τότε
881 495 950 543 γὰρ
977 499 1007 531 εἰ
1054 498 1092 531 ιὰ
1115 496 1231 541 πάσης
1253 499 1313 540 τῆς
1380 497 1470 542 petit
1494 497 1751 533 contrahentes·
1775 497 1928 543 propriis
1959 507 2031 533 non
2054 497 2203 542 privari:
2239 497 2318 532 aliis
2341 496 2457 532 omni--

235 539 401 584 τοιαύτης
431 538 517 574 ὁδοῦ
549 541 592 574 τὸ
617 543 766 587 πρᾶγμα
796 541 990 587 προέλθοι,
1022 542 1064 577 τὸ
1097 541 1313 578 ἀνύποπτον
1381 543 1447 577 bus
1468 542 1672 587 praevalere
1687 542 1870 578 mulierem
1889 542 2084 578 secundum
2103 542 2198 588 quod
2216 542 2287 577 iam
2306 552 2330 578 a
2349 541 2451 578 nobis

236 588 316 629 ὲχει,
340 589 400 619 καὶ
424 585 589 631 προςήκει
612 590 671 619 καὶ
695 587 777 621 τοὺς
800 586 1071 631 συμβάλλοντας
1093 587 1142 632 μὴ
1166 589 1244 623 τῶν
1263 588 1312 621 οἰ-
1328 590 1368 622 10
1381 587 1432 623 eis
1457 588 1579 622 datum
1604 591 1659 623 est
1681 587 1913 632 privilegium.

235 635 343 665 κείων
373 628 674 675 ἀποστερεῖσθαι·
710 633 786 666 τῶν
818 629 858 665 δὲ
880 631 1004 667 ἄλλων
1027 631 1207 667 ἁπάντων
1230 646 1312 678 κρα-

235 678 310 709 τεῖν
333 676 402 718 τὴν
425 679 576 722 γυναῖκα
600 676 692 710 κατὰ
715 676 759 710 τὸ
784 674 852 720 ἤδη
877 675 966 723 παρ’
985 676 1090 723 ἡμῶν
1113 675 1236 712 αὐταῖς
1261 676 1312 712 δε-

236 718 388 764 δομένον
412 721 621 765 προνόμιον.

1234 801 1389 837 CAPUT
1412 800 1454 836 V.

288 852 434 898 Ἐπειδὴ
465 853 504 889 δὲ
520 853 603 898 ’ἤδη
633 854 748 900 νόμον
778 854 997 902 ἐγράψαμεν,
1030 854 1118 892 ὥςτε
1147 859 1215 893 τὸν
1244 871 1312 893 πα-
1438 855 1528 900 Quia
1550 865 1631 892 vero
1654 855 1724 892 iam
1746 857 1859 903 legem
1882 859 2099 904 scripsimus,
2131 860 2173 894 ut
2194 860 2317 903 patres
2346 858 2452 894 semel

235 903 322 945 τέρα
353 896 455 941 ἅπαξ
487 898 664 935 ἐπιδόντα
687 904 817 947 προῖκα
847 900 938 947 ὑπὲρ
961 902 1143 950 θυγατρὸς
1166 901 1312 944 ὑπεξου-
1330 906 1368 938 15
1382 901 1569 937 offerentes
1603 900 1720 937 dotem
1735 911 1816 948 'pro
1846 903 1920 939 filia
1950 904 2017 939 sub
2046 906 2240 949 potestate,
2275 905 2338 938 aut
2365 913 2452 938 suae

236 949 325 988 σίας,
345 943 368 988 ἢ
384 942 611 987 αὖτεξουσίας
625 948 703 990 μέν,
727 948 796 989 τὴν
813 945 852 981 δὲ
868 945 1090 982 ἐπανάδοσιν
1113 950 1160 982 εἰς
1183 949 1314 983 ἑαυτὸν
1406 946 1523 981 uidem
1543 947 1741 991 potestatis,
1762 948 1998 984 reversionem
2018 952 2137 984 autem
2154 948 2191 983 in
2208 951 2320 984 semet
2336 948 2452 993 ipsum

236 991 460 1033 πεποιηκότα
488 1005 592 1032 uu,
628 992 789 1035 ἐζητήθη
820 990 918 1037 παρά
944 1005 1052 1035 τισιν,
1083 994 1114 1027 εἰ
1137 991 1316 1038 προςῆκόν
1398 992 1590 1035 amentem,
1626 992 1826 1036 quaesitum
1857 997 1911 1029 est
1939 993 2037 1039 apud
2067 994 2219 1038 aliquos,
2254 993 2284 1028 si
2314 1001 2450 1038 compe-

236 1037 313 1070 ἐστι
348 1035 626 1079 τελευτήσαντος
659 1038 724 1070 τοῦ
755 1038 918 1083 γαμβροῦ
954 1041 1014 1071 καὶ
1045 1037 1315 1080 ἐπανελθούσης
1382 1041 1461 1072 tens
1482 1040 1536 1071 est
1555 1037 1728 1072 moriente
1747 1048 1877 1082 genero
1897 1042 1932 1074 et
1949 1042 2128 1074 remeante
2150 1038 2197 1074 ad
2241 1039 2352 1074 &trem
2371 1036 2455 1074 dote

236 1082 282 1115 εἰς
316 1081 384 1115 τὸν
416 1084 555 1127 πατέρα
589 1082 651 1125 τῆς
686 1079 776 1127 παρ’
809 1080 919 1116 αὐτοῦ
953 1081 1140 1128 δεδομένης
1170 1084 1316 1127 προικὸς
1385 1092 1474 1126 quae
1497 1082 1542 1117 ab
1566 1091 1608 1116 eo
1633 1082 1718 1117 data
1741 1085 1812 1125 est,
1841 1083 1936 1119 hanc
1958 1087 2096 1129 patrem
2123 1093 2197 1119 sem
2251 1082 2455 1119 offerentem

236 1122 374 1168 ταύτην
392 1126 461 1161 τὸν
476 1130 615 1171 πατέρα
634 1127 701 1161 τὸν
716 1124 818 1168 ἅπαξ
848 1126 1096 1163 ἐπιδεδωκότα
1128 1127 1315 1163 δύνασθαι
1329 1130 1370 1162 20
1383 1137 1488 1172 posse
1523 1126 1570 1162 ad
1600 1127 1776 1163 secundas
1806 1129 1967 1164 veniente
2000 1128 2074 1164 filia
2108 1128 2252 1174 nuptias
2285 1128 2453 1170 minuere,

236 1172 284 1205 εἰς
314 1169 493 1217 δευτέρους
523 1168 783 1218 ἐφικνουμένης
811 1174 874 1215 τῆς
901 1172 1032 1208 παιδὸς
1059 1173 1191 1220 γάμους
1215 1173 1314 1207 ε’λατ-
1383 1176 1446 1207 aut
1469 1172 1539 1207 hoc
1561 1182 1633 1207 non
1656 1171 1793 1216 facere,
1819 1174 2032 1219 cogitantem
2063 1173 2146 1219 quia
2170 1173 2278 1209 semel
2301 1172 2455 1208 alienata

235 1218 336 1259 τοῦν,
361 1214 383 1259 ἢ
406 1218 512 1251 τοῦτο
535 1217 584 1261 μὴ
610 1220 738 1260 ποιεῖν,
762 1217 1038 1263 ἐνθυμούμενον
1066 1217 1114 1254 οἷς
1137 1216 1239 1259 ἅπαξ
1261 1220 1314 1252 ex·
1383 1220 1438 1252 est
1460 1217 1506 1252 ab
1530 1217 1605 1252 eius
1630 1217 1850 1262 substantia,
1878 1219 1940 1254 sed
1962 1219 2041 1264 ipsa
2063 1228 2230 1255 mensura
2252 1218 2285 1255 ei
2307 1217 2455 1254 nubenti

237 1266 432 1307 πεποίηται
447 1263 510 1305 τῆς
526 1258 637 1296 αὑτοῦ
654 1267 874 1308 περιουσίας,
898 1262 989 1298 ἀλλὰ
1004 1265 1057 1307 τῷ
1076 1261 1174 1307 αὐτῷ
1194 1267 1315 1310 μέτρῳ
1382 1272 1507 1298 rursus
1531 1261 1632 1304 dare,
1663 1265 1845 1308 tamquam
1876 1264 1907 1300 si
1939 1274 2005 1300 nec
2035 1263 2243 1309 contigisset
2263 1263 2453 1300 viduatam.

238 1307 328 1354 αὐτῇ
360 1310 564 1355 γαμουμένῃ
600 1306 711 1342 πάλιν
742 1305 899 1351 διδόναι,
935 1305 1051 1354 ὥςπερ
1087 1307 1134 1343 ἄν
1165 1310 1196 1343 εἰ
1225 1307 1316 1353 μηδὲ
1383 1307 1462 1343 Hoc
1493 1307 1586 1343 enim
1609 1307 1712 1343 nobis
1742 1309 1943 1344 nuntiatum
1967 1313 2040 1352 est,
2074 1309 2157 1354 quia
2216 1309 2223 1317 ‘
2249 1309 2258 1317 ⁸
2284 1310 2324 1344 tu
2345 1308 2453 1344 libra-

236 1354 337 1394 ἔτυχε
359 1354 570 1397 χηρεὺσασα.
617 1354 723 1387 τοῦτο
746 1354 816 1399 γὰρ
839 1355 908 1387 νῦν
939 1349 1025 1398 ἦμῖν
1055 1353 1315 1401 προςηγγέλθη,
1329 1354 1370 1388 25
1383 1363 1462 1388 rum
1486 1352 1564 1388 auri
1595 1353 1738 1397 quidam
1766 1356 1871 1399 pater
1894 1354 2050 1390 existens
2072 1354 2201 1390 obtulit
2248 1357 2358 1396 0156111,
2393 1353 2454 1390 de·

238 1393 297 1431 ὅτι
332 1397 526 1442 τριάκοντα
562 1402 705 1443 χρυσίου
745 1397 878 1444 λιτρῶν
913 1398 1034 1444 πατήρ
1069 1411 1122 1434 τις
1157 1397 1315 1433 ἐπέδωκε
1382 1398 1465 1433 inde
1495 1398 1569 1432 filia
1596 1397 1741 1433 viduata
1775 1402 1810 1434 et
1840 1399 1887 1435 ad
1914 1399 2089 1436 secundas
2118 1399 2281 1435 veniente
2310 1398 2455 1444 nuptias

237 1446 384 1487 προῖκα,
415 1443 493 1477 εἶτα
515 1444 578 1486 τῆς
602 1443 784 1489 θυγατρὸς
806 1445 1036 1489 χηρευθείσης
1059 1448 1119 1478 καὶ
1144 1443 1316 1490 δευτέροις
1383 1453 1454 1479 non
1478 1443 1548 1478 iam
1571 1443 1715 1486 triginta
1736 1444 1814 1489 ipse
1838 1445 1978 1487 obtulit,
2007 1445 2070 1481 sed
2094 1445 2248 1491 quinque
2275 1447 2312 1480 et
2333 1444 2454 1480 decem

237 1483 455 1531 ὁμιλησάσης
472 1484 598 1534 γάμοις
611 1485 672 1521 οὐκ
690 1490 743 1522 ἔτι
761 1489 823 1522 τὰς
838 1489 1033 1535 τριάκοντα
1050 1488 1182 1524 ταύτας
1197 1487 1314 1524 ἐπιδέ-
1383 1488 1490 1530 solas,
1515 1488 1680 1533 quoniam
1698 1489 1896 1534 contigerat
1915 1490 2094 1526 mulierem
2114 1491 2287 1526 lucratam
2305 1489 2455 1525 mediam

238 1530 365 1574 διοκεν,
386 1530 473 1567 ἀλλὰ
498 1532 755 1567 πεντεκαίδεκα
777 1534 902 1577 μόνον,
931 1532 1122 1580 ἐπειδήπερ
1147 1537 1267 1577 ἔτυχεν
1290 1532 1312 1578 ἡ
1382 1533 1638 1578 antenuptialis
1663 1533 1864 1572 donationis
1884 1539 2022 1580 partem
2043 1536 2081 1571 in
2101 1535 2256 1580 quinque
2277 1538 2314 1571 et
2332 1534 2455 1572 docem

237 1578 326 1623 γυνὴ
360 1576 565 1623 κερδάνασα
600 1578 642 1612 τὸ
675 1578 782 1623 ἥμισυ
817 1581 880 1623 τῆς
910 1584 1149 1626 προγαμιαίας
1181 1578 1315 1625 δωρεᾶς
1328 1580 1370 1613 30
1383 1579 1462 1614 auri
1492 1578 1592 1614 libris
1622 1579 1848 1624 existentem,
1880 1584 1916 1616 et
1937 1582 2040 1625 pater
2070 1590 2292 1626 nequaquam
2322 1579 2367 1616 de
2388 1589 2455 1616 suo

237 1626 340 1668 μέρος
356 1625 395 1657 ἐν
411 1621 667 1658 πεντεκαίδεκα
691 1627 833 1667 χρυσίου
855 1625 990 1671 λίτραις
1008 1624 1063 1668 ὅν,
1082 1629 1141 1658 καὶ
1157 1622 1177 1658 ὁ
1195 1624 1316 1669 πατὴρ
1383 1624 1512 1659 obtulit
1533 1623 1678 1668 triginta
1699 1624 1820 1668 libras,
1849 1626 1911 1661 sed
1935 1626 2089 1671 quinque
2113 1626 2253 1671 quidem
2276 1628 2312 1661 et
2334 1625 2456 1661 decem

237 1665 301 1701 οὐκ
333 1670 387 1702 ἔτι
411 1670 449 1702 ἐκ
478 1669 554 1702 τῶν
578 1669 706 1702 ἑαυτοῦ
739 1669 803 1703 τὰς
826 1669 1023 1716 τριάκοντα
1046 1668 1241 1704 ἐπιδέδωκε
1264 1669 1314 1704 λί-
1382 1669 1460 1714 ipse
1483 1669 1681 1714 quindecim
1710 1680 1793 1706 vero
1817 1680 1860 1706 ex
1882 1671 1983 1707 lucro
2006 1671 2173 1707 mulieris.
2218 1671 2302 1707 Non
2323 1670 2456 1719 iustum

237 1725 338 1758 τρας,
363 1710 454 1747 ἀλλὰ
479 1712 735 1748 πεντεκαίδεκα
757 1716 824 1758 μὲν
849 1713 974 1760 αὐτός,
997 1714 1252 1750 πεντεκαίδεκα
1278 1713 1316 1749 δὲ
1383 1714 1490 1757 igitur
1520 1715 1780 1750 aestimavimus
1811 1715 1881 1752 hoc
1912 1726 2001 1758 esse,
2031 1716 2095 1752 sed
2120 1716 2280 1752 similiter
2307 1715 2344 1751 in
2367 1716 2455 1751 divi·

238 1759 277 1791 ἐκ
300 1760 364 1792 τοῦ
388 1756 530 1805 κέρδους
553 1760 616 1802 τῆς
637 1758 811 1805 γυναικός.
854 1758 894 1794 οὗ
920 1758 1061 1795 δίκαιον
1083 1765 1207 1795 τοίνυν
1230 1759 1252 1803 ἡ
1277 1774 1315 1803 η-
1383 1759 1484 1795 sione
1513 1759 1646 1796 habere
1677 1759 1817 1805 quidem
1846 1770 1925 1797 eam
1950 1762 2181 1807 praecipuum
2203 1759 2456 1806 antenupfialia

238 1803 387 1847 σάμεθα
416 1805 525 1838 τοῦτο
555 1803 800 1848 καθεστάναι,
832 1801 912 1839 ἀλλ’
939 1802 1071 1850 ὁμοίως
1102 1806 1142 1840 ἐν
1170 1807 1214 1853 τῇ
1262 1818 1315 1839 ια-
1328 1807 1370 1840 35
1383 1804 1586 1841 donationis
1618 1805 1773 1849 lucrum,
1808 1815 1852 1841 ex
1883 1806 2040 1851 paternis
2075 1811 2196 1842 autem
2230 1807 2386 1852 quinque
2418 1807 2456 1841 et

237 1850 330 1895 νομῇ
340 1850 452 1901 ,ἔχειν
509 1851 548 1883 ἐν
572 1846 686 1928 αὐτέῑν
711 1849 894 1902 ἐξαίρετον
917 1850 959 1905 τό
985 1851 1046 1894 τῆς
1070 1854 1317 1906 κπρογαμιαίας
1651 1877 1654 1880 .

238 1891 375 1938 δωρεας
406 1897 466 1940 κέρ
490 1905 542 1936 ος,
573 1896 610 1928 ἐκ
665 1896 682 1927 ἑ
702 1908 788 1934 ,των
819 1907 1007 1943 πατρῳων
1036 1907 1100 1930 τας
1131 1899 1316 1930 πεντεκαί-

306 1974 331 1995 c.
354 1961 386 1995 V
405 1974 554 1996 summam
581 1964 675 1996 habet
699 1963 848 2006 Epitome
871 1965 918 1996 ad
940 1964 1057 1996 Proch.
1079 1971 1200 1997 mutata
1220 1965 1250 2001 8,
1268 1971 1304 1997 63
1329 1964 1531 2001 (Zachariae
1554 1965 1588 1997 in
1612 1965 1661 1997 ed.
1686 1964 1813 1998 Novell.
1833 1965 1878 1999 ΙΙ
1894 1978 1928 2008 p.
1944 1965 2031 2007 118).

238 2038 307 2074 hoc
330 2036 448 2085 ipsum
471 2041 509 2074 in
531 2040 768 2075 instrumento
793 2041 1037 2087 conscriptum
1069 2045 1103 2076 et
1127 2045 1279 2087 pactum
1309 2051 1352 2076 ea
1382 2040 1426 2076 de
1455 2052 1496 2076 re
1527 2042 1765 2088 compositum
1794 2042 1861 2085 sit,
1891 2046 1933 2078 ut
1955 2052 2042 2077 casu
2065 2041 2242 2078 existente
2255 2041 2387 2089 potior
2408 2042 2458 2079 sit

237 2084 338 2120 solus
369 2084 432 2130 qui
463 2084 501 2119 in
531 2096 610 2120 eam
640 2095 715 2120 rem
745 2085 917 2121 credidit:
951 2089 992 2121 ut
1022 2084 1106 2120 kuic
1136 2095 1269 2121 causae
1297 2085 1372 2121 soli
1399 2085 1528 2122 mulier
1559 2086 1683 2130 cedat,
1714 2097 1758 2122 ac
1786 2098 1831 2123 ne
1853 2087 1926 2140 ipsi
1956 2086 2097 2133 quidem
2124 2090 2253 2123 temere
2282 2098 2368 2124 neve
2385 2097 2458 2134 per

241 2134 346 2164 testes
366 2129 459 2174 fides
478 2129 664 2173 habeatur,
688 2129 753 2165 sed
775 2141 834 2166 res
857 2135 891 2166 et
914 2131 953 2165 in
971 2131 1120 2177 scrthis
1142 2134 1276 2176 aqatur
1299 2135 1334 2166 et
1359 2131 1499 2166 testium
1523 2131 1655 2167 habeat
1676 2131 1959 2179 Subsm'plwnes
1980 2136 2016 2167 et
2034 2132 2115 2178 ipso
2140 2142 2250 2178 opere
2266 2133 2455 2179 procedat.

241 2173 339 2209 Tunc
369 2175 462 2211 enim
492 2175 526 2209 si
553 2186 623 2222 per
654 2186 793 2211 omnem
822 2174 1000 2212 eiusmodi
1027 2177 1122 2211 viam
1152 2186 1212 2211 res
1228 2177 1470 2222 processerit,
1501 2186 1563 2211 sus
1590 2176 1707 2212 icione
1737 2181 1849 2220 caret,
1881 2181 1991 2223 atque
2021 2179 2186 2212 convenit
2217 2180 2259 2212 ut
2285 2178 2348 2230 qui
2371 2189 2456 2214 con-

239 2221 422 2300 traxebrint
444 2221 746 2300 rctbmbsuisdmn
768 2221 976 2267 priventur.-
1012 2221 1139 2257 ceteris
1162 2225 1281 2256 autem.
1310 2220 1474 2256 omnibus
1503 2232 1562 2256 mu
1577 2221 1631 2257 ier
1651 2222 1891 2268 praeferatur
1919 2221 2113 2259 secundum
2134 2222 2362 2269 privilegium
2385 2223 2458 2259 iam

238 2276 261 2300 a
284 2276 332 2300 no
356 2276 388 2299 is
410 2276 469 2300 mu
485 2265 552 2301 ieri
576 2277 618 2300 us
666 2270 774 2301 atum.

373 2310 415 2345 V.
464 2309 642 2354 Quoniam
673 2315 792 2346 autem
824 2311 897 2346 iam
931 2310 1042 2357 leqem
1073 2310 1363 2357 conscripsimus,
1394 2314 1434 2345 ut
1459 2315 1571 2356 pater
1601 2311 1665 2357 qui
1695 2311 1805 2348 semel
1831 2311 1947 2348 dotem
1970 2311 2067 2349 dedit
2089 2323 2163 2359 pro
2183 2311 2264 2358 filia
2292 2311 2357 2348 sub
2381 2313 2459 2348 eius

236 2359 417 2403 potestate
440 2356 656 2403 constituta,
687 2356 743 2392 vel
765 2356 826 2392 sui
846 2355 989 2402 quidem
1012 2356 1104 2391 iuris
1124 2356 1250 2401 facta,
1281 2355 1346 2391 sed
1368 2359 1408 2391 ut
1430 2356 1610 2391 restitutio
1640 2356 1709 2393 sibi
1728 2357 1797 2402 siat
1819 2361 1954 2403 pactus
1977 2361 2033 2394 est
2056 2371 2154 2400 un,
2185 2357 2386 2410 quaesitum
2404 2360 2466 2394 est*

238 2400 341 2446 apud
355 2401 562 2443 nonnullos,
586 2405 707 2437 utrum
723 2402 936 2437 conveniens
951 2402 1000 2437 sit
1022 2406 1062 2436 ut
1081 2400 1255 2447 defuncto
1278 2411 1413 2447 qenero
1436 2405 1470 2436 et
1493 2411 1639 2437 reversa
1659 2401 1709 2437 ad
1715 2406 1863 2448 patrem
1883 2402 1965 2438 dote
1987 2413 2097 2449 quam
2116 2401 2225 2446 dedit,
2243 2413 2321 2438 eam
2334 2407 2456 2449 pater,

239 2447 304 2491 qui
324 2445 433 2481 semel
454 2457 533 2482 eam
557 2446 672 2488 dedit,
701 2446 781 2491 filia
812 2445 862 2481 ad
883 2446 1060 2482 secundas
1089 2447 1238 2493 nuptias
1267 2447 1426 2482 veniente
1457 2446 1616 2482 minuere
1640 2448 1780 2498 possit,
1811 2458 1858 2482 an
1891 2447 1936 2483 id.
1949 2448 2078 2493 facere
2108 2458 2153 2483 ne
2178 2451 2263 2484 neat
2283 2451 2459 2494 reputans

239 2502 317 2526 eam
339 2490 450 2526 semel
470 2503 493 2526 a
516 2491 717 2526 substantia
740 2502 808 2527 sua
828 2502 904 2528 esse
928 2492 1140 2533 alienatam,
1169 2490 1234 2527 sed
1255 2490 1379 2527 eadem
1401 2501 1570 2540 mensura
1592 2491 1644 2527 illi
1670 2492 1817 2528 nubenti
1839 2493 1968 2528 iterum
1992 2492 2081 2528 dare
2104 2492 2148 2528 de
2171 2497 2241 2537 eat,
2276 2495 2458 2539 tamquam

239 2536 270 2571 si
292 2536 399 2571 vidua
421 2536 526 2580 facta
558 2547 631 2571 non
655 2542 755 2572 esset.
806 2536 887 2572 Hoc
910 2537 1004 2572 enim
1030 2547 1126 2571 nunc
1156 2536 1260 2572 nobis
1290 2536 1493 2571 nuntiatum
1524 2540 1588 2580 est,
1613 2541 1760 2583 patrem
1790 2537 1967 2584 quendam
2000 2537 2150 2583 triqinta
2174 2537 2347 2573 librarum
2375 2538 2459 2574 auri

240 2580 358 2616 dotem
382 2580 532 2623 dedisse,
565 2581 693 2618 deinde
718 2582 799 2626 filia
830 2582 939 2617 vidua
965 2582 1072 2627 facta
1102 2585 1137 2617 ct
1166 2581 1344 2617 secundas
1375 2582 1524 2634 nuptias
1547 2582 1783 2618 contrahente
1814 2593 1886 2618 non
1909 2582 2065 2630 amplius
2090 2582 2241 2629 triginta
2263 2582 2364 2626 illas,
2394 2583 2460 2619 sed

266 2625 442 2661 uindecim
468 2630 603 2661 tantum
629 2626 784 2669 dedisse,
815 2627 986 2672 quoniam
1017 2626 1145 2662 mulier
1173 2626 1276 2672 forte
1305 2626 1489 2662 dimidiam
1539 2631 1653 2662 artem
1677 2626 1886 2663 donationis
1916 2632 1999 2663 ante
2018 2638 2066 2662 nu
2096 2628 2166 2663 tias
2194 2627 2233 2662 in
2282 2627 2458 2664 windeeim

241 2637 342 2705 iteris
366 2670 449 2705 auri
480 2675 703 2706 constantem
728 2671 870 2707 lucrata
901 2676 980 2707 erat
1011 2677 1121 2717 atque
1136 2675 1250 2718 pater
1277 2681 1351 2707 non
1380 2671 1454 2706 iam
1511 2682 1530 2706 e
1552 2673 1627 2707 suis
1650 2672 1757 2708 rebus
1777 2673 1929 2725 triyinta
1958 2672 2042 2708 illas
2079 2672 2177 2708 ibras
2199 2671 2243 2708 de
2268 2677 2364 2715 erat,
2394 2673 2460 2710 sed

241 2715 442 2761 quindecim
465 2716 607 2761 quidem
630 2716 718 2763 ipse,
750 2717 951 2764 quindecim
975 2721 1094 2752 autem
1117 2727 1167 2752 ex
1189 2716 1291 2752 lucro
1322 2716 1491 2752 mulieris.
1540 2716 1625 2752 Non
1655 2718 1787 2753 iustum
1815 2718 1930 2764 iqitur
1961 2719 2028 2753 Ιιοο
2057 2728 2134 2754 esse
2162 2717 2457 2759 eoeistinmvimus,

244 2771 361 2795 verum
379 2761 525 2806 pariter
545 2761 581 2795 in
598 2761 774 2797 divisione
797 2772 874 2797 eam
891 2762 1030 2797 tucrum
1053 2761 1263 2796 donationis
1286 2765 1370 2797 ante
1385 2762 1533 2808 nuptias
1549 2762 1791 2808 praecipuum
1807 2762 1948 2805 habere,
1973 2773 2024 2799 ex
2038 2764 2202 2810 paternis
2221 2767 2339 2799 autem
2356 2763 2459 2799 bonis

300 2852 319 2884 2
343 2853 535 2894 συμφωνία
561 2850 670 2883 Tract.
696 2852 735 2883 de
760 2852 888 2884 creditis
905 2851 918 2894 ss
940 2849 1075 2884 κάσσου
1102 2852 1185 2892 ML]
1209 2849 1319 2884 κάσου

242 2908 310 2930 cum
335 2896 518 2938 Scrimqero
542 2895 639 2938 vulp„
672 2895 773 2947 ἔργον
793 2896 829 2929 Β
852 2898 959 2936 (casov
979 2895 1077 2929 τινὸς
1101 2898 1318 2940 συμβαίνον-

241 2950 301 2974 τος
326 2941 447 2974 ΤΙιεοιΙ.
471 2939 508 2972 in
532 2950 608 2972 casu
632 2940 774 2973 mihtiae
798 2941 874 2982 Iul.)
892 2940 904 2983 ΙΙ
927 2943 1120 2986 γενομένου
1146 2942 1253 2974 Tract.
1280 2943 1318 2975 de

242 2986 372 3020 creditis
388 2984 401 3028 ΙΙ
418 2986 439 3019 4
461 2983 578 3028 μόνον
594 2986 663 3018 LB
679 2986 692 3028 1]
709 2984 867 3028 &it-pann
884 2987 914 3018 L
932 2986 944 3029 ΙΙ
965 2988 1005 3020 10
1022 2986 1109 3040 ἔχει]
1128 2986 1247 3019 habeat
1267 2998 1286 3022 ς
1307 2984 1319 3031 ΙΙ

241 3033 302 3064 καὶ
320 3029 415 3071 τοὺς]
431 3032 491 3063 καὶ
508 3043 567 3063 om.
580 3031 633 3066 Le
648 3030 660 3074 ΙΙ
686 3028 957 3073 συμβάλλοντας
971 3032 1041 3072 Μς]
1066 3042 1162 3064 ουτω
1182 3041 1225 3064 συ
1279 3027 1317 3063 ά-

242 3074 371 3110 λοντας
380 3077 426 3117 (ἰη
441 3076 539 3109 litura
553 3088 590 3108 ex
604 3073 917 3120 ἐπιτυγχάνοντας)
931 3076 962 3109 L
985 3072 1083 3118 αὐτῷ
1098 3033 1317 3119 συμβάλιλῗν-

241 3131 305 3155 τας
319 3121 355 3155 Β
369 3119 382 3165 ΙΙ
403 3122 445 3155 12
456 3119 561 3161 κατὰ]
585 3119 631 3154 τὰ
646 3120 693 3153 L¹
713 3120 724 3159 ΙΙ
745 3122 783 3153 14
797 3118 923 3164 νόμον]
945 3121 1021 3155 Cod.
1036 3123 1149 3163 5,13,1
1167 3126 1237 3160 513.
1254 3129 1283 3155 ¹4
1307 3125 1320 3167 ΙΙ

242 3165 310 3200 τὸν
333 3168 473 3210 πατέρα
497 3162 597 3206 ἅπαξ
621 3162 807 3205 ἐπιδόντα]
832 3169 941 3207 patres
957 3165 1057 3198 semel
1072 3167 1245 3199 offerentes
1270 3178 1289 3202 ς
1306 3169 1318 3210 ΙΙ

1445 2854 1461 2886 1
1487 2851 1610 2885 factum
1636 2851 1704 2885 RT
1714 2851 1727 2891 ΙΙ
1745 2855 1783 2884 ut
1804 2853 1941 2896 Vvul9.]
1967 2855 1999 2885 et
2018 2853 2102 2886 ΙίΤ1
2127 2855 2160 2886 et
2180 2854 2219 2885 ut
2243 2851 2320 2896 T²fl
2344 2854 2364 2887 2
2387 2854 2458 2896 qui]

1387 2896 1467 2938 quia
1487 2897 1521 2930 V
1540 2895 1553 2941 Ι]
1575 2897 1654 2929 huic
1679 2896 1784 2938 Beck]
1809 2899 1842 2930 et
1864 2897 1944 2931 huic
1967 2898 2045 2931 libri
2066 2897 2079 2941 ΙΙ
2107 2898 2127 2931 3
2149 2897 2348 2931 eredendum
2372 2898 2458 2940 libri,

1386 2954 1468 2975 corr.
1483 2942 1576 2975 Beck
1590 2942 1603 2985 Ι]
1626 2943 1647 2974 4
1672 2943 1705 2974 et
1727 2942 1851 2985 scripto
1874 2942 2027 2984 RVJex
2045 2942 2169 2986 scripto
2196 2942 2320 2986 Tvnlq.
2336 2941 2350 2986 Ι]
2366 2945 2459 2985 gesto

1386 2986 1503 3020 om.R¹
1520 2985 1533 3030 ΙΙ
1550 2988 1583 3019 et
1599 2999 1657 3020 om.
1667 2986 1701 3019 R
1717 2986 1730 3030 ΙΙ
1747 2988 1766 3020 5
1780 2987 1954 3020 habentem
1969 2987 2013 3020 T¹
2027 2988 2040 3029 u
2059 2988 2079 3020 6
2090 2987 2120 3019 εἰ
2131 2997 2191 3030 per
2201 2987 2342 3028 omnem]
2359 2997 2458 3031 super

1385 3042 1514 3064 omnem
1529 3032 1562 3065 T
1579 3041 1774 3073 supernam
1783 3031 1834 3065 12¹
1851 3030 1864 3076 ΙΙ
1887 3034 1906 3065 ’1
1926 3042 2058 3065 causam
2079 3032 2132 3065 V·
2149 3031 2163 3075 fl
2182 3032 2460 3066 nun-ontionem

1389 3076 1435 3109 Τι
1452 3077 1464 3119 ΙΙ
1482 3076 1580 3109 habet
1592 3075 1687 3110 Beck
1702 3075 1715 3120 ΙΙ
1733 3077 1753 3110 8
1769 3075 1857 3118 aliis]
1872 3087 1949 3110 vero
1966 3078 2044 3110 add.
2061 3077 2152 3110 Beck
2169 3075 2181 3121 ΙΙ
2200 3078 2240 3112 10
2254 3077 2284 3110 ei
2301 3076 2416 3111 datum
2430 3078 2464 3112 T

1386 3131 1439 3154 eas
1455 3121 1569 3154 datum
1584 3121 1632 3155 1⁷¹
1653 3121 1767 3154 datum
1783 3122 1829 3154 eie
1840 3121 1891 3154 13²
1910 3121 2024 3154 datum
2036 3121 2085 3154 R¹
2102 3121 2114 3164 ΙΙ
2135 3123 2175 3156 14
2185 3123 2271 3155 rubr.
2286 3122 2332 3155 Ut
2346 3122 2458 3156 eadem

1385 3166 1554 3208 quantitas
1579 3165 1666 3198 dotis
1689 3165 1725 3198 in
1749 3166 1901 3199 secundis
1923 3167 2051 3209 nuptiis
2078 3166 2146 3199 filie
2169 3177 2189 3199 a
2211 3168 2305 3210 patre
2326 3175 2462 3202 consol-⁴

246 3214 286 3245 16
310 3211 358 3244 εἰς
381 3209 512 3244 ἑαυτὸν
536 3209 761 3253 πεποιηκότα
785 3208 944 3253 ἐζητήθη
968 3210 1067 3255 παρά
1091 3222 1188 3244 τισιν
1208 3212 1317 3253 ΜΒς,

244 3270 302 3290 om.
328 3256 386 3297 L¹,
421 3256 469 3290 εἰς
502 3251 615 3289 αὐτὸν
646 3256 863 3299 ποιουμένην
893 3256 1050 3298 ζητεῖται
1081 3254 1179 3300 παρὰ
1204 3257 1318 3289 τινῶν

244 3304 295 3343 (ex
310 3304 341 3344 ς)
366 3301 415 3335 L²
429 3302 634 3343 Haloander,
658 3303 715 3345 qui
737 3303 884 3335 lacunam
912 3302 1051 3334 notavit:
1088 3313 1170 3343 quae
1194 3303 1318 3334 videtur

243 3350 276 3381 in
291 3349 374 3380 hanc
384 3349 460 3391 sere
475 3348 660 3381 sententiam
671 3347 854 3390 supplenda
874 3343 1108 3379 διαλυθέντος
1124 3345 1187 3379 τοῦ
1205 3346 1318 3390 γάμου

244 3392 312 3434 τὴν
335 3393 467 3439 προῖκα
490 3389 734 3436 ἐπαναλαβεῖν
759 3391 772 3436 ΙΙ
796 3393 834 3426 21
862 3387 1030 3437 δεύτερον
1053 3391 1084 3424 L
1110 3390 1123 3433 11
1149 3386 1171 3422 ἆ
1203 3402 1317 3424 ικνου-

243 3440 359 3480 μένης]
383 3436 512 3483 γάμους
530 3439 606 3471 add.
623 3439 668 3471 M
678 3438 734 3482 (cjl
748 3438 794 3471 ad
803 3439 881 3478 471,
894 3438 938 3478 14)
955 3437 967 3479 ΙΙ
983 3434 1098 3482 γάμον
1110 3435 1158 3469 L²
1206 3437 1246 3470 23
1263 3435 1316 3477 τῷ

246 3478 344 3524 αὐτῷ
376 3484 496 3527 με’τρῳ
526 3483 811 3524 GGEHeimbach]
849 3478 947 3523 αὐτῷ
978 3481 1031 3523 τῷ
1061 3483 1181 3527 μέτρῳ
1214 3481 1319 3517 MR<

246 3524 332 3560 αὐτὸ
358 3527 399 3560 τὸ
425 3530 557 3572 μέτρον
573 3529 603 3561 L
622 3529 636 3573 ΙΙ
651 3530 694 3564 25
718 3528 786 3562 νῦν
810 3540 868 3561 om.
883 3539 902 3564 ς
918 3527 931 3571 ΙΙ
948 3527 991 3561 26
1015 3523 1134 3572 πατήρ
1157 3528 1220 3567 τις]
1246 3526 1318 3567 qui-

246 3573 320 3605 dam
344 3575 438 3615 pater
462 3573 603 3607 existens
626 3586 645 3611 ς
668 3573 682 3619 Ι]
705 3575 748 3608 28
771 3569 916 3614 ταύτας]
940 3573 1009 3615 ipse
1033 3573 1066 3613 (i.
1082 3585 1107 3605 e.
1122 3567 1240 3612 αὐτὸς)
1266 3582 1286 3607 ς·
1307 3570 1319 3614 ΙΙ

248 3619 287 3652 31
313 3621 454 3660 χρυσίου
478 3617 623 3663 λίτραις]
657 3616 799 3664 χρόνοις
823 3619 873 3652 L⁰
897 3617 910 3662 ΙΙ
940 3619 983 3652 34
1006 3613 1159 3662 κέρδους]
1195 3617 1320 3661 μέρους

249 3663 283 3695 Β
299 3662 310 3705 ΙΙ
335 3664 378 3696 35
401 3662 627 3697 καθεστᾶναι
650 3665 756 3698 τοῦτο
777 3665 808 3697 L

1349 3445 1549 3490 ,win

1384 3214 1483 3244 uetur
1498 3211 1572 3244 Tin
1586 3223 1687 3254 τηαν-9.
1702 3212 1755 3251 (εει
1767 3210 1872 3254 lab).
1894 3213 1933 3245 15
1957 3222 2036 3244 suae
2060 3211 2205 3254 quidem]
2229 3212 2301 3246 eino
2323 3212 2459 3255 quidam

1384 3256 1433 3289 R¹
1449 3255 1462 3300 ΙΙ
1483 3257 1522 3291 17
1546 3255 1733 3297 facientem]
1757 3255 1914 3289 facientes
1942 3256 1994 3290 Τ8
2003 3258 2089 3299 vulo.
2113 3257 2125 3300 ΙΙ
2141 3257 2224 3290 alios
2239 3257 2274 3291 R
2289 3258 2301 3299 ΙΙ
2318 3258 2365 3290 sio
2380 3257 2430 3291 R·
2445 3257 2458 3302 ΙΙ

1387 3301 1427 3335 18
1441 3301 1548 3333 dotem
1563 3300 1594 3333 R
1609 3299 1622 3344 ΙΙ
1644 3302 1684 3335 19
1708 3300 1807 3334 semel
1832 3314 1890 3334 om.
1914 3301 1968 3345 Vll
1987 3303 2029 3336 20
2050 3302 2119 3335 filia
2142 3315 2201 3336 om.
2217 3301 2292 3348 3¹11
2311 3303 2350 3336 21
2366 3302 2457 3346 cogi·

1384 3347 1475 3378 tante
1501 3346 1532 3378 R
1555 3344 1567 3388 ΙΙ
1594 3346 1636 3379 22
1662 3345 1708 3378 eis
1728 3346 1776 3379 V·
1793 3345 1806 3389 Ι]
1831 3347 1874 3380 26
1897 3346 1940 3379 ad
1963 3347 2098 3391 nuptias
2121 3347 2280 3381 secundas
2303 3348 2458 3381 ueniente

1384 3402 1418 3435 R
1434 3401 1447 3444 ΙΙ
1465 3402 1505 3435 2Ἷ
1523 3412 1590 3434 non
1608 3401 1685 3443 iam]
1709 3397 1731 3434 fi
1751 3401 1799 3435 T¹
1815 3401 1827 3445 ΙΙ
1846 3403 1993 3445 quinque
2009 3405 2042 3436 et
2059 3403 2181 3444 decem]
2202 3402 2394 3445 quindecim
2406 3401 2458 3437 T’

1568 3447 1610 3481 28
1630 3447 1700 3480 sola
1727 3446 1777 3480 Τ2
1793 3447 1806 3491 ΙΙ
1823 3448 1991 3489 quoniam]
2016 3449 2097 3482 haec
2114 3449 2270 3491 quoniam
2288 3448 2331 3482 T·
2349 3447 2362 3492 Ι]
2377 3457 2455 3481 con-

1384 3491 1494 3534 tingat
1512 3492 1544 3525 T
1554 3492 1567 3536 ΙΙ
1585 3492 1628 3526 30
1652 3491 1748 3525 libris
1765 3491 1809 3534 R]
1834 3491 1935 3525 libras
1955 3493 2110 3539 VTvuly.
2127 3493 2140 3539 Ι
2159 3495 2198 3528 31
2226 3492 2366 3537 triginta
2382 3491 2457 3527 auri

1384 3536 1487 3570 libras
1514 3537 1638 3581 Tvulq.
1658 3535 1729 3581 1134
1754 3547 1826 3570 eum
1851 3537 1957 3573 R·V¹
