2592 3840
261 67 370 115 Nov.
402 71 626 116 LXXXIX
660 77 721 115 11.
753 74 804 115 12

263 179 446 226 ὑπόντων,
472 183 549 216 εἶτα
573 180 705 216 νόθων
729 184 994 229 ἐπιγενομένων
1016 180 1038 226 ἢ
1061 185 1338 228 προγενομένων

264 224 327 261 οὐκ
346 225 434 271 ‹ii-vr}
458 228 646 274 γνησιότης
671 224 788 260 αὐτοῖς
812 229 1035 272 προςτεθείη,
1060 228 1091 261 εἰ
1113 227 1162 271 μὴ
1191 228 1337 262 πάντως

263 270 286 315 ἢ
317 271 378 306 διὰ
409 274 471 316 τῆς
502 271 630 317 βουλῆς
659 270 682 314 ἢ
711 269 772 305 διὰ
802 273 879 306 τῶν
907 270 1090 318 ἡμετέρων
1126 271 1338 314 διατάξιων,

264 318 370 363 αἵπερ
404 318 472 351 τὸν
507 318 585 351 τῶν
619 313 813 360 προικῴων
844 316 1075 371 συμβολαίων
1110 318 1337 373 εἰςηγήσαντο

1323 70 1408 118 440

1859 83 2020 124 QUIBUS
2047 85 2184 119 Monls
2211 86 2475 121 namanes

1406 181 1628 219 naturalibus
1658 183 1947 228 provenientibus
1976 194 2200 230 nequaquam
2226 186 2282 222 ius
2304 186 2476 232 legitimo-

1405 238 1482 261 rum
1514 227 1566 262 eis
1595 228 1760 270 adicitur,
1793 229 1861 263 nisi
1893 230 2034 265 omnino
2065 234 2128 265 aut
2156 239 2220 276 per
2251 233 2384 268 curiam
2414 234 2478 268 aut

1407 282 1471 316 per
1491 274 1632 307 nostras
1658 274 1939 316 constitutiones,
1963 283 2055 319 quae
2074 274 2243 311 dotalium
2263 276 2477 319 iustrumen-

1406 323 1523 351 torum
1548 317 1822 353 introduxerunt
1845 318 1998 354 modum.

263 362 287 397 2
333 362 480 407 τρόπον.
539 361 609 395 Τὸν
633 359 672 394 δὲ
693 362 756 404 τῆς
769 361 962 416 ,υἱοθεσίας
983 375 1133 408 τροπον,
1158 373 1195 396 ος
1210 357 1256 406 ἦν
1271 363 1339 398 ποί-
1374 362 1430 398 52
1478 362 1689 406 Adoptionis
1713 366 1831 398 autem
1854 363 2012 406 modum,
2045 364 2105 409 qui
2126 364 2197 400 fuit
2224 365 2307 401 olim
2331 365 2477 411 quibus-

265 406 323 441 λαι
339 410 414 441 τισὶ
429 408 506 440 τῶν
523 405 592 451 πρὸ
614 404 719 450 ἡμῶν
736 408 1015 452 αυτοκρατόρων
1040 409 1100 442 ἐπὶ
1116 409 1193 441 τῶν
1207 407 1340 442 νόθων

263 452 452 496 νομισθεὶς
482 448 545 484 οὐκ
569 448 754 495 ἀδόκιμος,
786 451 926 487 ἄτοπον
957 450 1120 496 εὑρόντες
1149 453 1241 486 κατὰ
1272 452 1340 496 τὴν

263 498 324 539 τῆς
347 495 516 541 πατρῴας
540 494 736 536 διατάξεως
760 494 917 541 δύναμιν
940 499 999 530 καὶ
1024 493 1137 541 ἡμεῖς,
1167 497 1269 531 καθὰ
1293 497 1339 530 εἵ-

264 555 384 587 ρηται,
410 539 639 596 ἐκβάλλομεν,
665 539 788 594 ἐπειδὴ
807 542 1039 597 σωφροσύνης
1062 540 1218 587 ἀκριβῶς
1238 540 1339 576 ἐστό-

1407 407 1487 441 dam
1519 411 1602 443 ante
1631 418 1697 443 nos
1727 408 2000 453 imperatoribus
2034 419 2142 454 super
2163 410 2388 446 naturalibus
2411 421 2477 456 pu-

1406 454 1505 486 tatus
1536 462 1608 487 non
1630 453 1813 498 inprobus,
1843 454 2059 489 invenientes
2075 455 2286 491 ‘secundum
2308 459 2479 501 paternae

1409 496 1672 532 constitutionis
1695 498 1860 534 virtutem
1884 502 1919 534 et
1943 509 2019 540 nos,
2049 499 2155 535 sicuti
2175 500 2307 535 dictum
2328 504 2393 543 est,
2417 509 2479 535 ex-

1408 541 1593 584 cludimus,
1629 543 1797 587 quoniam
1832 544 2032 579 castitatem
2066 554 2138 581 non
2171 543 2330 590 perfecte
2361 544 2479 581 consi-

263 598 393 629 χασται
417 589 476 619 καὶ
501 599 563 619 ουκ
588 600 635 619 αν
652 600 703 629 ειη
729 589 869 631 πρέπον
891 600 938 640 τρι
958 586 1073 641 καλῶς
1096 586 1558 641 ἐκβεβλημεί-ἀῙΟᾱθΥᾶνίῢ,
1595 590 1630 622 et
1661 598 1733 622 non
1762 588 1828 623 erit
1860 589 1990 624 decens
2022 593 2061 624 ut
2093 599 2183 634 quae
2215 590 2305 626 bene
2334 589 2480 626 exclusa

264 630 376 666 πάλιν
399 632 446 664 εἰς
461 629 647 665 πολιτείαν
670 629 850 678 κατάγειν.
899 643 987 666 ωςτε
1009 645 1150 667 τουτων
1173 636 1259 677 ημῖν
1282 645 1339 665 νο-

263 676 555 720 μοθετηθέντων
584 679 643 709 καὶ
673 679 843 722 φανερῶν
872 680 1078 723 γενομένων
1109 674 1153 711 ὃν
1176 678 1340 723 προςήκει

263 719 401 776 τρόπον
426 722 473 754 εἰς
496 720 683 755 πολιτείαν
712 735 751 755 τε
780 725 839 755 καὶ
862 721 1083 768 γνησιότητα
1106 725 1339 767 μεταχωρεῖν,

263 764 369 800 ουδὲν
392 764 542 811 εὕρομεν
566 769 647 820 περὶ
669 768 732 821 τῆς
756 764 922 811 διαδοχῆς
953 768 1015 810 τῆς
1038 768 1098 801 ἐπὶ
1123 769 1201 802 τῶν
1223 765 1340 801 τοιού-

1408 636 1492 666 sunt
1524 631 1561 666 in
1595 633 1849 677 rempublicam
1884 644 2009 669 rursus
2042 635 2329 670 introducantur.
2383 634 2480 680 Qua-

1408 679 1555 721 propter
1576 676 1633 712 his
1657 687 1679 712 a
1701 678 1805 713 nobis
1829 678 1976 714 sancitis
1999 684 2108 724 atque
2131 679 2378 724 manifestatis,
2408 689 2479 724 quo

1410 722 1597 756 conveniat
1620 722 1724 757 modo
1753 724 1799 758 ad
1824 724 2001 759 civitatem
2025 734 2208 760 romanam
2229 725 2479 770 legitimorum-

1410 776 1477 811 que
1509 766 1564 801 ius
1589 768 1752 811 transire,
1783 767 1871 803 nibil
1895 768 1939 803 de
1962 770 2186 805 successione
2218 780 2325 815 super
2347 770 2480 805 talibus

263 824 340 845 των
370 810 531 845 λεκτέον·
564 822 612 845 ως
634 825 704 858 γαρ
734 814 792 845 ἐπὶ
817 814 894 846 τῶν
917 811 1058 847 λοιπῶν
1087 814 1164 847 τῶν
1187 811 1340 846 ἄνωθεν
1355 815 1396 847 15
1409 813 1464 846 est
1487 811 1689 847 dicendum:
1725 821 1808 847 nam
1832 813 1926 848 sicut
1955 814 1991 849 in
2017 814 2143 849 ceteris
2174 814 2220 850 ab
2243 814 2343 851 initio
2367 814 2479 860 legiss-

262 860 422 902 γνησίων
446 855 500 890 δεῖ
528 860 587 889 καὶ
611 857 675 890 τὰς
698 854 759 891 ἐπ’
788 854 908 891 αὐτοῖς
925 859 1097 904 γίνεσθαι
1118 855 1294 900 διαδοχάς.

1408 856 1475 891 mis
1498 859 1641 901 oportet
1663 859 1700 892 et
1721 857 1760 892 in
1783 858 1834 893 eis
1856 858 1935 893 fieri
1957 860 2213 896 successiones.

1236 969 1391 1006 CAPUT
1423 969 1503 1005 XII.

320 1040 610 1083 Διακεκριμίνων
634 1041 758 1072 τοίνυν
789 1038 865 1071 τῶν
888 1052 928 1072 τε
951 1041 1157 1084 γενομένων
1180 1042 1341 1085 γνησίων

262 1085 339 1118 τῶν
362 1096 402 1117 τε
424 1082 632 1127 μεινάντων
663 1082 797 1117 νόθων
828 1087 980 1117 τακτέον
1009 1082 1076 1127 ἤδη
1101 1087 1160 1117 καὶ
1190 1083 1236 1129 ‘egi
1259 1086 1340 1127 περὶ

263 1132 340 1163 τῶν
370 1125 454 1162 κατ’
490 1125 618 1162 αὐτοὺς
650 1125 839 1170 διαδοχῶν.
894 1127 1050 1163 Βάλεντι
1084 1131 1151 1173 μὲν
1181 1131 1249 1162 οὐν
1281 1131 1340 1161 καὶ

1464 1037 1637 1072 Discretis
1660 1036 1766 1081 igitur
1793 1040 1830 1072 et
1861 1037 1916 1074 his
1948 1037 2009 1082 qui
2037 1037 2127 1074 facti
2157 1041 2242 1074 sunt
2269 1038 2415 1084 legitimi
2444 1042 2482 1076 et

1408 1082 1464 1116 his
1500 1082 1560 1126 qui
1593 1086 1803 1117 manserunt
1838 1084 2018 1118 naturales
2053 1083 2289 1119 ordinandum
2322 1088 2378 1121 est
2409 1083 2482 1120 lam

1408 1127 1516 1161 etiam
1538 1126 1583 1162 de
1607 1127 1892 1163 successionibus
1916 1137 2049 1164 eorum.
2097 1128 2239 1165 Valenti
2254 1129 2426 1175 siquidem
2444 1131 2482 1166 et

263 1173 534 1215 Βαλεντινιανῷ
567 1176 625 1206 καὶ
657 1174 849 1218 Γρατιανῷ
882 1177 955 1207 τοῖς
984 1174 1048 1217 τῆς
1076 1174 1181 1208 θείας
1210 1172 1341 1217 λήξεως
1354 1174 1395 1207 20
1408 1171 1659 1207 Valentiniano
1679 1174 1716 1207 et
1732 1172 1904 1209 Gratiano
1929 1173 2031 1209 divae
2054 1173 2242 1211 memoriae
2261 1174 2384 1220 primis
2402 1175 2480 1221 pia-

263 1219 420 1263 πρώτοις
451 1217 591 1261 ἐπῆλθε
621 1217 1031 1263 φιλανθρωπεύσασθαί
1065 1233 1099 1252 τι
1136 1218 1225 1264 πρὸς
1259 1218 1341 1252 τοὺς

263 1264 414 1299 νόθους·
446 1267 506 1297 καὶ
529 1264 560 1297 εἰ
582 1265 650 1308 μὲν
674 1263 725 1305 εἴη
750 1264 802 1305 τῷ
827 1264 905 1297 τῶν
928 1263 1061 1297 νόθων
1085 1267 1196 1309 πατρὶ
1210 1266 1341 1310 γνησία

262 1309 361 1357 γονή,
381 1308 494 1353 μόνης
512 1305 654 1355 οὗγκίας
672 1305 800 1342 αὐτοὺς
819 1305 991 1351 ἠξίωσαν,
1012 1312 1071 1342 καὶ
1094 1307 1226 1352 ταύτης
1249 1308 1340 1352 μετὰ

263 1357 324 1398 τῆς
356 1351 479 1388 αὐτῶν
506 1353 654 1398 μητρός,
692 1353 775 1387 οὔτε
806 1351 1008 1398 δωρεῖσθαι
1043 1353 1126 1388 οὔτε
1158 1356 1195 1387 ἐκ
1225 1353 1340 1387 τελευ-

1409 1217 1483 1252 cuit
1511 1217 1704 1252 humanum
1733 1217 1866 1262 aliquid
1896 1228 2001 1263 agere
2031 1219 2128 1254 circa
2156 1219 2358 1256 naturales:
2393 1224 2429 1256 et
2450 1219 2482 1256 si

1409 1262 1548 1307 quidem
1580 1262 1626 1297 sit
1655 1263 1875 1298 naturalium
1905 1264 2000 1308 patri
2029 1263 2185 1308 legitima
2214 1265 2373 1309 soboles,
2408 1275 2482 1301 una

1409 1307 1516 1342 uncia
1550 1317 1611 1343 eos
1647 1307 1772 1352 dignos
1807 1318 1886 1343 esse
1918 1308 2096 1351 fecerunt,
2132 1311 2170 1345 et
2202 1309 2272 1345 hac
2303 1320 2385 1346 cum
2414 1320 2482 1346 sua

1408 1357 1534 1396 matre,
1567 1363 1639 1388 non
1663 1352 1790 1388 donari
1819 1363 1933 1398 neque
1962 1364 2006 1389 ex
2034 1353 2158 1390 ultima
2190 1354 2268 1390 dari
2297 1355 2481 1391 voluntate

262 1403 364 1434 ταίας
388 1397 532 1433 διδόναι
555 1397 756 1443 βουλήσεως
779 1401 980 1444 περαιτέοω
1003 1412 1039 1433 τι
1060 1411 1104 1433 συ
1126 1400 1339 1445 χωροῦντες·
1354 1400 1396 1433 25
1410 1398 1557 1433 ulterius
1581 1397 1714 1442 aliquid
1732 1398 1987 1443 permittentes,
2011 1399 2042 1434 Si
2060 1409 2144 1435 vero
2164 1398 2229 1435 filii
2248 1398 2390 1445 quidem
2409 1410 2482 1436 non

264 1447 294 1479 εἰ
310 1448 434 1489 μέντοι
458 1442 581 1478 παῖδες
603 1445 671 1487 μὲν
694 1441 758 1477 οὐκ
782 1443 854 1477 εἷεν
876 1431 999 1485 νόθοι,
1024 1443 1097 1479 παλ
1122 1444 1187 1487 ακὴ
1213 1442 1251 1478 δὲ
1281 1447 1341 1477 καὶ

263 1489 354 1534 μόνη
379 1488 527 1532 (δηλαδὴ
550 1492 623 1523 τοῖς
646 1485 710 1522 οὐκ
734 1490 851 1531 έχουσι
874 1493 1027 1535 γνησίαν
1050 1489 1224 1536 γαμετήν·
1261 1488 1341 1522 τού-

263 1547 336 1569 τοις
358 1535 427 1581 γὰρ
445 1533 488 1578 δὴ
505 1538 565 1567 καὶ
579 1533 703 1578 μόνοις
727 1533 915 1577 παλλακὴν
939 1536 1033 1577 ἔχειν
1057 1537 1341 1580 ἐπιτέτραπται),

263 1581 305 1614 τὸ
330 1577 540 1626 ἡμιούγκιον
568 1580 684 1622 μόνον
706 1577 830 1634 χαριςό
861 1593 945 1613 ενοι.
993 1580 1024 1613 εἰ
1047 1582 1171 1624 μέντοι
1194 1577 1341 1615 παίδων

263 1629 424 1672 γνησίων
447 1621 509 1658 οὐκ
534 1624 605 1658 εἶεν
628 1627 756 1670 γονεῖς,
781 1623 825 1657 αλ
854 1620 863 1635 ²

265 1672 387 1713 ἑχοιεν,
417 1673 519 1715 μέχρι
543 1683 641 1714 τριου
666 1673 741 1702 κίου
765 1667 1053 1713 καταλιμπάνειν
1083 1673 1203 1703 αυτοῖς
1227 1669 1249 1712 ἢ
1273 1667 1340 1703 δω·

263 1715 410 1761 ρεῖσθαι
440 1683 694 1759 συνεχωρήθη,
730 1717 790 1748 καὶ
819 1713 949 1748 τούτου
981 1714 1072 1759 μετὰ
1107 1716 1170 1758 τῆς
1198 1712 1340 1759 μητρός,

264 1764 323 1794 καὶ
346 1762 377 1794 εἰ
401 1757 492 1794 καθ’
519 1759 733 1802 οἱονδήποτε
757 1758 894 1804 τρόπον
914 1759 1061 1803 λάβοιέν
1085 1773 1138 1802 τι,
1162 1760 1210 1793 εἰς
1232 1761 1340 1793 τοῦτο

264 1805 517 1850 συναιρεῖσθαι
549 1808 608 1838 καὶ
638 1804 765 1849 μόνον,
801 1806 865 1838 τοῦ
897 1804 1060 1839 πλείονος
1096 1806 1157 1839 ἐπὶ
1191 1804 1273 1839 τοὺς
1303 1805 1341 1837 ἐκ

1410 1443 1482 1478 sint
1511 1444 1708 1485 naturales,
1740 1444 1940 1479 concubina
1970 1454 2054 1480 vero
2085 1444 2303 1481 solummodo
2334 1445 2392 1481 his
2421 1444 2482 1491 qui

1408 1499 1480 1523 non
1514 1488 1649 1523 habent
1683 1487 1805 1533 utique
1840 1489 2024 1533 coniugem
2062 1489 2144 1532 (hoc
2178 1489 2308 1526 etenim
2341 1493 2481 1526 tantum

1409 1533 1643 1568 concubinam
1682 1533 1894 1569 habentibus
1935 1536 1992 1570 cst
2032 1534 2288 1580 conscriptum)
2329 1535 2482 1571 mediam

1408 1578 1550 1613 unciam
1569 1579 1682 1613 solam
1703 1578 1888 1615 donantes.
1920 1579 1960 1614 Si
1974 1589 2057 1615 vero
2072 1579 2227 1616 filiorum
2244 1580 2481 1626 legitimorum

889 1621 974 1658 οὐδὲ
997 1628 1137 1679 πατέρα
1160 1623 1183 1668 ἣ
1205 1627 1341 1669 μητέρα
1354 1626 1395 1658 30
1409 1634 1481 1658 non
1511 1624 1583 1658 sint
1613 1627 1779 1668 parentes
1811 1626 1848 1659 et
1875 1634 1990 1670 neque
2011 1627 2151 1670 patrem
2181 1629 2218 1661 et
2245 1629 2394 1662 matrem
2417 1627 2480 1660 ha-

1409 1669 1534 1710 beant,
1566 1679 1680 1713 usque
1709 1668 1756 1703 ad
1777 1672 1850 1704 tres
1873 1669 1999 1705 uncias
2028 1670 2228 1715 relinquere
2257 1671 2310 1707 eis
2331 1673 2396 1707 aut
2417 1671 2480 1706 do·

1410 1723 1496 1749 nare
1525 1714 1688 1758 permissi
1710 1717 1810 1756 sunt,
1842 1717 1878 1749 et
1900 1714 1990 1751 haec
2020 1725 2100 1750 cum
2122 1719 2247 1758 matre,
2279 1719 2316 1752 et
2339 1716 2370 1752 si
2391 1721 2481 1762 quo-

1409 1758 1496 1794 libet
1524 1758 1629 1794 modo
1660 1758 1865 1804 acceperint
1894 1759 2043 1805 aliquid,
2077 1759 2115 1795 in
2142 1760 2212 1796 hoc
2305 1761 2402 1796 utari
2423 1771 2480 1796 so-

1408 1803 1597 1846 lummodo,
1629 1804 1723 1848 quod
1746 1807 1865 1839 autem
1887 1805 1968 1849 plus
1993 1809 2048 1840 est
2071 1805 2116 1840 ad
2140 1814 2287 1851 eos-qui
2309 1809 2482 1859 vocantur

263 1852 327 1885 τοῦ
352 1850 465 1894 νόμου
486 1849 721 1894 καλουμένους
739 1850 872 1890 ἰόντος,
894 1851 1001 1884 τοῦτο
1022 1847 1114 1904 ὅπερ
1134 1853 1193 1883 καὶ
1210 1849 1245 1883 οἱ
1260 1851 1340 1883 Θεο-
1354 1851 1396 1884 35
1410 1859 1454 1884 ex
1487 1850 1564 1894 lege
1596 1849 1731 1891 venire,
1771 1849 1841 1885 hoc
1874 1849 1971 1903 quod
2005 1850 2200 1887 Theodosii
2233 1851 2384 1887 senioris
2417 1850 2482 1886 filu

265 1894 387 1930 δοσίου
409 1897 474 1929 τοῦ
492 1898 735 1941 πρεσβυτέρου
758 1893 882 1929 παῖδες
905 1896 936 1928 εἰ
958 1898 1018 1928 καὶ
1037 1908 1078 1929 ου
1101 1894 1244 1929 τελείως
1266 1896 1341 1929 ἐνο-

264 1945 280 1976 1
328 1941 550 1986 μοθέτησαν.
605 1938 703 1984 ἡμεῖς
732 1944 868 1982 τοίνυν,
904 1941 935 1974 εἰ
965 1943 1024 1974 καὶ
1055 1939 1183 1986 πρεόην
1214 1939 1341 1986 φιλαν-

1410 1894 1492 1929 licet
1515 1905 1586 1930 non
1609 1894 1766 1946 perfecte
1789 1898 2028 1931 sanciverunt.

1409 1941 1431 1975 1
1475 1939 1551 1975 Nos
1574 1940 1682 1983 igitur
1705 1939 1773 1975 etsi
1795 1939 1895 1986 prius
1918 1940 2074 1976 humana
2095 1940 2153 1976 usi
2174 1940 2251 1986 lege
2278 1950 2343 1987 pro
2365 1940 2479 1977 tribus

259 2024 410 2079 praesto
433 2031 506 2065 sint
529 2035 565 2066 et
587 2030 773 2065 naturales
793 2034 924 2076 postea
946 2030 1020 2065 sive
1040 2034 1145 2065 antea
1170 2030 1248 2064 nati
1269 2029 1353 2070 sint,
1378 2030 1436 2064 ius
1460 2030 1492 2066 le
1518 2029 1700 2065 itimorum
1722 2030 1768 2065 iis
1784 2027 1863 2066 'non
1884 2030 2121 2078 impertietur,
2155 2031 2229 2066 nisi
2250 2031 2395 2067 omnino
2418 2035 2483 2068 aut

260 2088 331 2123 per
354 2076 492 2111 curiam
516 2079 581 2110 aut
602 2086 669 2121 per
692 2075 967 2110 constitutiones
990 2079 1153 2116 nostras,
1185 2085 1278 2120 quae
1305 2074 1447 2109 modum

1497 2075 1645 2110 otalium
1668 2075 1986 2111 instrumentorum
2009 2075 2301 2112 introduxerunt.

265 2123 288 2157 2
334 2122 552 2167 Acloplionis
576 2131 658 2156 vero
683 2120 844 2162 modum,
876 2120 939 2166 qui
962 2120 1045 2155 olim
1068 2119 1254 2155 nonnullis
1283 2131 1406 2155 eorum
1437 2120 1500 2166 qui
1527 2123 1611 2156 ante
1633 2131 1702 2156 nos
1719 2121 1873 2166 fuerunt
1902 2121 2162 2168 imperatorum
2193 2121 2232 2156 in
2255 2121 2482 2158 naturalibus

261 2167 350 2213 filiis
374 2178 445 2201 non
468 2166 641 2212 indiqnus
663 2165 845 2200 iudicatus
868 2169 932 2208 est,
962 2175 1041 2200 eum
1065 2164 1259 2200 absurdum
1283 2175 1359 2199 esse
1383 2165 1678 2207 intellexerimus,
1706 2165 1901 2201 secundum
1916 2170 2101 2213 paternae
2123 2166 2390 2203 constitutionis
2412 2168 2481 2204 vim

264 2223 331 2247 nos
355 2222 509 2257 quoque,
540 2210 647 2246 sicuti
671 2210 804 2245 dictum
828 2214 898 2252 est,
931 2210 1174 2256 explodimus,
1205 2210 1374 2255 quoniam
1396 2210 1596 2246 castitatem
1620 2214 1789 2247 accurate
1811 2214 1949 2247 sectata
1971 2213 2025 2247 est
2054 2221 2170 2257 neque
2191 2210 2294 2248 dccet
2322 2222 2366 2248 ea
2388 2222 2482 2259 quae

264 2264 359 2293 recte
383 2256 538 2302 explosa
567 2259 652 2290 sunt
673 2266 802 2290 rursus
826 2256 862 2290 in
886 2255 1141 2302 rempublicam
1164 2266 1344 2290 revocare.
1393 2254 1523 2301 ltaque
1546 2255 1602 2291 his
1625 2267 1648 2291 a
1672 2255 1776 2291 nobis
1797 2256 1949 2292 sancitis
1977 2266 2022 2292 ac
2044 2256 2248 2299 declaratis,

266 2303 390 2338 deceat
413 2302 463 2336 acl
485 2302 663 2337 civitatem
687 2305 722 2336 et
744 2301 801 2335 ius
825 2300 1063 2347 leqitimorum
1089 2300 1255 2341 transire,
1289 2299 1381 2334 nilzil
1404 2301 1601 2336 invenimus
1623 2300 1724 2346 quod
1745 2301 1790 2336 de
1811 2302 2037 2337 successione
2066 2301 2104 2336 in
2128 2301 2187 2337 his
2209 2301 2272 2337 talc

2306 2267 2353 2293 uo
2375 2258 2481 2293 modo

2363 2302 2482 2338 dicen-

243 2348 348 2383 πίνω
368 2348 436 2387 sit,·
469 2357 553 2381 nam
576 2346 671 2381 sicut
692 2346 731 2380 in
754 2346 903 2391 reliquis
927 2346 989 2391 qui
1006 2346 1179 2392 primitus
1203 2345 1353 2391 leqitimi
1375 2349 1469 2387 sunt,
1493 2346 1545 2380 ita
1568 2347 1606 2380 in
1630 2346 1703 2382 illis
1726 2356 1870 2392 quoque
1891 2347 2136 2382 successiones
2155 2346 2238 2392 fieri
2260 2350 2413 2394 oportet.

400 2391 481 2427 XII.
531 2391 705 2427 Discrelis
727 2391 841 2437 iqitur
863 2390 909 2425 iis
932 2391 996 2436 qui
1017 2391 1114 2435 facti
1134 2395 1219 2426 sunt
1243 2390 1392 2436 leqitimi
1415 2394 1450 2426 et
1472 2390 1535 2437 qui
1557 2395 1768 2426 manserunt
1788 2391 1985 2433 naturales,
2009 2391 2081 2427 iam
2096 2391 2205 2427 etiam
2225 2401 2319 2438 quac
2335 2392 2385 2427 ad
2402 2402 2482 2428 suc·

267 2438 443 2473 cessiones
474 2447 598 2471 eorum
626 2436 810 2482 pertinent
839 2435 1044 2471 ordinanda
1075 2440 1168 2471 sunt.
1215 2435 1332 2481 Atque
1363 2435 1505 2471 Valenti
1534 2441 1571 2472 et
1601 2436 1856 2472 Valentiniano
1886 2440 1922 2472 et
1952 2435 2129 2472 Gratiano
2159 2436 2263 2473 divae
2292 2437 2483 2474 memoriae

265 2483 393 2529 primis
423 2481 562 2528 placuit
592 2480 783 2516 humanius
813 2480 1000 2516 consulere
1030 2481 1068 2515 in
1099 2480 1305 2532 naturales:
1339 2480 1402 2526 qui
1430 2481 1465 2516 si
1485 2481 1708 2516 naturalium
1731 2481 1837 2528 patri
1866 2480 2026 2528 leqitima
2051 2480 2194 2517 suboles
2214 2481 2281 2524 sit,
2312 2491 2376 2518 eos
2401 2481 2483 2518 sola

268 2528 375 2562 uncia
399 2527 530 2572 (liquos
553 2525 755 2561 habuerunt
779 2537 892 2571 eaque
915 2537 989 2561 una
1013 2536 1093 2561 cum
1116 2529 1231 2560 matre
1253 2536 1432 2571 ipsorum,
1462 2536 1579 2572 neque
1601 2525 1741 2562 donare
1762 2537 1879 2573 neque
1900 2536 1950 2562 ex
1972 2526 2099 2562 ultima
2121 2527 2304 2563 voluntate
2325 2526 2416 2563 darc
2437 2527 2484 2562 ἰὰ·

269 2574 365 2607 ultra
389 2573 581 2617 quicquam
606 2571 879 2616 permittentes;
912 2571 944 2605 si
967 2581 1050 2605 vero
1073 2570 1261 2606 naturales
1284 2570 1387 2606 liberi
1409 2582 1481 2606 non
1505 2570 1626 2607 adsint
1655 2571 1720 2607 sed
1740 2571 1820 2607 sola
1842 2570 2041 2607 concubina
2073 2571 2133 2614 (iis
2154 2571 2289 2607 scilicet
2311 2571 2376 2618 qui
2395 2571 2482 2618 legi-

270 2618 390 2653 timam
419 2627 572 2651 zcxorem
602 2626 674 2650 non
704 2615 852 2650 habent:
886 2627 968 2650 nam
998 2615 1055 2662 liis
1086 2615 1227 2661 quidem
1257 2615 1344 2650 solis
1374 2615 1610 2652 concubinam
1638 2615 1771 2653 habere
1801 2626 2007 2652 concessum
2029 2620 2106 2660 est),
2137 2615 2321 2652 dimidiam
2345 2620 2483 2653 tantum

268 2664 410 2697 unciam
434 2661 568 2706 laryiti.
617 2659 753 2703 Quodsi
776 2660 970 2696 liberorum
996 2661 1234 2706 leqicz'morum
1262 2665 1434 2706 parentes
1462 2671 1536 2697 non
1557 2662 1648 2704 sint,
1682 2672 1726 2697 ac
1749 2673 1794 2697 ne
1816 2665 1964 2709 patrem
1994 2660 2135 2707 quidem
2164 2666 2229 2697 aut
2248 2666 2398 2698 matrem
2420 2661 2483 2698 ha-

270 2708 385 2748 beant,
409 2706 459 2740 ad
481 2712 553 2740 tres
576 2716 688 2750 usque
711 2706 837 2740 uncias
861 2706 1065 2751 relinquere
1089 2706 1143 2741 vel
1166 2706 1303 2740 donare
1327 2706 1372 2740 iis
1394 2705 1502 2752 idque
1525 2717 1599 2742 una
1623 2717 1702 2742 cum
1726 2709 1840 2742 matre
1860 2706 2074 2754 permissum
2092 2709 2155 2748 est,
2180 2710 2217 2742 et
2237 2706 2271 2742 si
2287 2705 2378 2753 quid
2394 2717 2482 2753 quo-

269 2762 418 2797 cumque
441 2750 547 2785 modo
572 2751 793 2796 acceperint,
825 2750 874 2784 ad
897 2750 992 2785 leuno
1014 2750 1158 2785 mollum
1181 2750 1345 2796 rediqere
1368 2751 1502 2786 solum:
1535 2755 1576 2787 ut
1595 2751 1694 2798 quod
1715 2751 1860 2788 excedit
1889 2751 1940 2787 ad
1961 2762 2023 2788 eos
2046 2751 2112 2798 qui
2131 2761 2182 2788 ex
2204 2751 2283 2803 lcqe
2306 2755 2483 2787 vocantur

269 2800 289 2833 1
331 2798 538 2843 perveniat,
569 2795 608 2829 id
636 2795 735 2840 quod
763 2795 870 2830 etiam
900 2795 1089 2830 Theodosii
1112 2795 1251 2841 prioris
1279 2795 1349 2839 filii
1380 2796 1541 2841 quamvis
1571 2807 1644 2832 non
1667 2797 1832 2843 perfecte
1853 2800 2068 2833 sanxerunt.

317 2891 331 2921 1
359 2887 622 2932 ἐπιγινομένων
642 2887 718 2926 373,
732 2893 779 2926 36,
804 2885 1069 2928 ἐπιγενομένων
1088 2882 1110 2926 ἢ
1134 2898 1191 2917 om.
1207 2897 1226 2920 ς
1241 2884 1254 2928 ΙΙ
1274 2887 1292 2918 2
1314 2883 1344 2916 εἰ

270 2947 308 2967 ex
332 2944 351 2969 ς
375 2934 452 2965 add.
467 2932 662 2964 Haloander
675 2932 729 2974 (cf.
745 2944 779 2974 ρ.
792 2931 869 2970 373,
880 2932 939 2971 38),
964 2943 1022 2963 om.
1039 2930 1111 2962 ML
1128 2930 1140 2973 ss
1159 2932 1176 2963 7
1203 2927 1344 2963 ἄτοπον

270 2992 328 3012 οηι.
345 2990 364 3014 ς
379 2979 391 3020 ΙΙ
410 2978 430 3011 8
445 2976 508 3018 τῆς
525 2973 696 3019 πατρῴας
717 2972 923 3014 διατάξεως]
949 2975 1026 3008 cod.
1041 2976 1072 3014 5,
1087 2982 1134 3016 27,
1150 2982 1163 3007 7
1182 2974 1194 3017 ss
1212 2976 1231 3007 9
1246 2969 1342 3017 ἄκρι-

269 3024 343 3068 βῶς
366 3024 420 3066 (ιγ’.
439 3023 516 3062 374,
532 3023 571 3062 7)]
596 3016 659 3053 οὐκ
683 3017 840 3063 ἀκριβῶς
861 3019 930 3055 L25
945 3019 957 3061 ΙΙ
979 3021 1019 3053 10
1043 3018 1099 3060 τὰ]
1125 3018 1185 3052 ἴνα
1208 3018 1253 3051 τὰ
1271 3019 1318 3051 L²
1333 3018 1344 3062 ΙΙ

273 3071 311 3104 11
338 3065 485 3113 κατάγοι
511 3066 555 3099 L'
589 3063 804 3110 κατάγοιντο
830 3063 877 3097 L²
902 3066 914 3105 11
942 3065 980 3097 13
1004 3062 1202 3104 πολιτείαν]
1227 3063 1343 3096 civita-

646 3112 687 3143 14
711 3106 816 3142 οὐδὲν
840 3104 988 3154 εὕρομεν
1012 3110 1073 3143 del.
1099 3110 1158 3149 L2‚
1194 3104 1344 3153 εὕρομεν

808 3157 844 3188 Π
866 3157 1026 3199 γνησίων
1050 3155 1254 3198 γενομένων
1280 3154 1309 3186 L

269 3117 335 3147 tem
360 3122 526 3146 romanam
553 3123 571 3147 ς
598 3110 610 3153 11

271 3173 329 3193 om.
352 3171 371 3195 ς
398 3158 410 3198 ΙΙ
442 3159 484 3191 16
506 3154 680 3202 γενέσθαι
704 3156 735 3188 L
762 3156 773 3197 ΙΙ
1225 3198 1241 3205 „

273 3207 314 3239 19
339 3199 523 3244 διαδόχων
545 3202 575 3235 L
605 3200 617 3245 ΙΙ
644 3198 813 3242 βάλλεντι
837 3207 866 3232 et
889 3201 931 3232 20
955 3197 1242 3242 βαλλεντινιανω
1268 3199 1297 3231 L

271 3252 312 3284 20
329 3247 520 3293 Γρατιανῷ
533 3248 594 3288 Le]
611 3244 771 3290 τραϊανῶ
783 3244 831 3277 M.
855 3245 930 3277 0011.
945 3245 976 3276 Τ
975 3245 1063 3276 head.
1074 3245 1107 3285 4,
1117 3252 1144 3284 6,
1155 3251 1170 3277 4
1183 3242 1194 3287 ΙΙ
1209 3240 1343 3296 21Ὶφιλ-

272 3293 538 3339 ανθρωπεῦσαί
554 3305 590 3325 τι
614 3295 664 3332 (τε
679 3293 745 3334 pr.)
770 3290 800 3323 L
825 3288 836 3332 ss
861 3290 902 3322 23
919 3285 1050 3342 ἠξίωσε
1067 3289 1098 3321 L
1117 3288 1129 3331 ΙΙ
1153 3289 1196 3322 24
1221 3299 1343 3321 αυτων

274 3339 479 3379 Haloander]
502 3336 644 3371 ἑαυτῶν
669 3336 740 3369 ML
766 3334 779 3379 ΙΙ
800 3330 912 3367 *οὐδὲ
934 3353 977 3358 -
997 3330 1081 3366 ουδὲ
1105 3333 1176 3366 ML
1198 3332 1210 3376 ΙΙ
1237 3334 1279 3385 36
1300 3332 1342 3373 εἰ]

270 3384 305 3418 οἱ
329 3386 379 3419 12⁶
394 3386 406 3427 ΙΙ
436 3381 578 3425 παλακὴ
603 3382 644 3422 L,
669 3389 698 3415 et
720 3383 766 3414 ita
780 3381 857 3423 fere
881 3387 1061 3413 constanter
1088 3378 1099 3421 ΙΙ
1130 3379 1170 3411 27
1192 3379 1342 3418 τουτοις]

272 3432 333 3463 hoc
357 3442 375 3466 ς
393 3431 406 3474 11
423 3431 464 3464 28
486 3428 590 3470 ἔχειν]
615 3425 813 3460 habentibus
833 3437 851 3461 ς
869 3424 882 3468 ΙΙ
898 3424 1168 3468 ἐπιτέτραπται]
1194 3426 1243 3455 est
1264 3432 1342 3454 con-

271 3477 427 3517 scriptum
451 3477 485 3516 (i.
500 3486 526 3507 e.
551 3471 823 3518 ἐπιγέγραπται)
848 3470 895 3514 en
921 3472 963 3504 30
987 3465 1079 3522 ἢ],θί;
1103 3480 1123 3504 ς
1139 3468 1151 3511 ΙΙ
1176 3469 1218 3501 32
1242 3478 1342 3500 συνε-

269 3518 491 3565 χωρήθησαν
504 3518 573 3555 L²5
591 3518 604 3562 ΙΙ
618 3516 747 3551 τούτου
760 3516 958 3556 Zachariae]
974 3524 1112 3547 τουτοις
1122 3513 1193 3546 ML
1206 3513 1298 3553 (haec
1311 3515 1342 3553 ς)

270 3567 375 3598 τοῦτο
400 3578 467 3598 cum
492 3565 688 3597 Haloandro
708 3563 796 3606 vulq.
815 3561 827 3604 11
851 3562 893 3595 35
918 3561 978 3593 καὶ
1001 3573 1059 3593 om.
1077 3570 1096 3595 ς
1114 3559 1126 3601 ΙΙ
1154 3555 1342 3611 Θεοδοσίου

270 3611 332 3643 τοῦ
357 3611 596 3654 πρεσβυτέρου
620 3605 755 3649 παῖδες]
784 3607 863 3641 0011.
884 3609 915 3648 5,
934 3612 1011 3647 27,2
1038 3604 1050 3650 ΙΙ
1080 3605 1123 3638 36
1146 3603 1189 3645 εἰ]
1216 3616 1236 3646 η
1262 3604 1307 3636 L*
1330 3605 1342 3646 u

269 3657 311 3690 37
337 3656 378 3697 εἰ]
403 3651 426 3699 ἢ
450 3655 497 3688 L¹

2159 2795 2238 2831 Nos
2259 2796 2384 2842 egitur,
2414 2795 2483 2832 etsi

1459 2887 1472 2918 1
1500 2885 1770 2927 peruenientibus
1794 2886 1919 2919 RVT⁰
1943 2886 1956 2929 ΙΙ
1979 2886 2050 2919 eius
2073 2884 2124 2919 Β*
2183 2885 2203 2919 2
2227 2883 2390 2919 aditiatur
2420 2885 2455 2920 V
2469 2884 2483 2932 ΙΙ

1411 2931 1430 2963 3
1456 2931 1751 2963 instrumentorum
1775 2944 1833 2964 om.
1847 2930 1896 2963 R¹
1914 2930 1926 2974 ΙΙ
1942 2933 1962 2965 5
1983 2940 2067 2972 quae
2086 2929 2136 2963 R·
2182 2931 2201 2963 7
2219 2929 2359 2972 inprobe
2380 2930 2414 2965 V'
2428 2930 2482 2964 in-

1409 2974 1527 3017 probet
1554 2975 1601 3008 T*
1629 2974 1642 3018 ΙΙ
1670 2975 1887 3016 invenientes]
1922 2974 2103 3008 absurdum
2125 2974 2332 3008 invenientes
2354 2975 2450 3010 Beck
2470 2975 2484 3021 ΙΙ

1411 3021 1430 3052 8
1446 3020 1641 3052 seruitutem
1662 3019 1707 3052 Β*
1723 3019 1735 3063 ΙΙ
1754 3022 1773 3054 9
1790 3021 1972 3053 castitetem
1991 3020 2023 3053 T
2030 3021 2037 3040 ¹
2059 3019 2071 3064 ΙΙ
2090 3021 2130 3054 10
2148 3021 2219 3052 erat
2236 3021 2267 3053 R
2285 3018 2298 3064 ΙΙ
2324 3021 2361 3055 11
2382 3030 2481 3063 quae·

1409 3067 1544 3107 propter
1569 3065 1615 3097 R¹
1640 3064 1652 3107 ΙΙ
1680 3065 1721 3098 12
1745 3064 1892 3106 sancitis]
1923 3065 2069 3097 sanccita
2087 3066 2167 3097 sunt
2189 3064 2238 3098 Β*
2261 3065 2273 3107 ΙΙ
2298 3065 2480 3099 manifestis

1420 3109 1495 3141 VR¹
1518 3107 1531 3152 ΙΙ
1555 3108 1642 3150 quod
1663 3108 1710 3142 V¹
1773 3111 1814 3144 13
1838 3109 2148 3151 legitimorumquae
2172 3109 2221 3142 Β*
2257 3109 2481 3152 legitimorum

1410 3153 1565 3195 quoniam
1584 3153 1632 3187 V¹
1648 3153 1660 3196 ΙΙ
1681 3154 1722 3188 16
1739 3156 1771 3186 et
1787 3155 1819 3187 R
1830 3154 1874 3195 V]
1891 3153 1988 3187 etiam
2011 3154 2135 3197 Tvuly.
2153 3152 2166 3198 ΙΙ
2186 3156 2225 3189 17
2238 3155 2399 3190 Diam-otis
2411 3157 2481 3198 cet-J

1409 3198 1538 3231 iscretis
1552 3217 1591 3222 —-
1609 3200 1650 3233 19
1662 3198 1868 3242 successioni!
1892 3211 1954 3232 scr.
1974 3198 2022 3231 V2
2037 3201 2069 3232 in
2082 3212 2148 3234 ras.
2164 3201 2184 3233 2
2197 3212 2344 3234 versuum
2358 3201 2371 3243 ΙΙ
2388 3201 2481 3244 facti]

1409 3243 1547 3276 sancciti
1563 3243 1603 3276 T¹
1620 3244 1632 3285 ΙΙ
1651 3243 1809 3285 legitimis
1824 3244 1881 3286 qui
1898 3245 2080 3277 manserint
2094 3244 2221 3277 natales
2242 3244 2315 3287 V(²)
2331 3245 2344 3289 Ι
2364 3247 2405 3281 19
2420 3255 2480 3280 uo-

1409 3287 1492 3320 lenti
1525 3288 1557 3321 V
1578 3287 1591 3331 ΙΙ
1622 3289 1664 3321 26
1687 3291 1766 3321 sunt
1797 3289 1829 3323 V
1851 3290 1863 3332 ΙΙ
1893 3289 2096 3322 concubinae
2123 3291 2212 3331 libri,
2237 3302 2319 3323 corr.
2345 3290 2440 3325 Beck
2466 3289 2482 3336 Ι

1411 3334 1451 3366 27
1476 3332 1677 3375 coniungere
1701 3333 1750 3366 Β*
1776 3335 1788 3375 n
1820 3335 1882 3367 hoc
1906 3335 2028 3367 etenim
2054 3335 2139 3375 RV]
2172 3335 2233 3367 hoc
2258 3335 2333 3375 (del.
2359 3334 2423 3376 ΤΞ)
2447 3337 2481 3368 ct

1409 3378 1471 3410 hoc
1495 3378 1584 3410 enim
1610 3378 1642 3411 T
1656 3379 1667 3419 ΙΙ
1689 3379 1731 3412 29
1755 3377 1978 3421 legitimorum
2002 3379 2148 3412 filiorum
2173 3380 2239 3413 RT
2251 3379 2264 3423 ΙΙ
2292 3381 2335 3415 30
2355 3380 2423 3414 sint
2445 3379 2481 3413 R

1409 3424 1506 3466 vulo]
1530 3425 1608 3455 sunt
1629 3423 1720 3467 VTn
1744 3427 1776 3457 ct
1798 3426 1915 3466 neque]
1941 3427 1973 3456 et
1996 3438 2053 3458 om.
2077 3425 2131 3467 Vn
2157 3424 2279 3457 habent
2300 3424 2355 3468 Vll
2380 3425 2423 3459 32
2446 3427 2480 3458 et

1408 3468 1447 3509 si]
1472 3468 1501 3501 si
1525 3468 1584 3509 ΕΙ,
1609 3470 1642 3501 et
1660 3469 1722 3501 hoc
1742 3470 1816 3510 (del.
1837 3470 1910 3511 hoc)
1933 3469 1962 3501 si
1981 3470 2031 3502 R²
2047 3470 2059 3513 ΙΙ
2076 3469 2243 3511 quaelibet
2263 3469 2343 3513 R¹11
2361 3470 2402 3504 33
2425 3479 2478 3503 ao-

1409 3514 1531 3556 ceperit
1553 3512 1609 3558 Vfl
1623 3514 1769 3557 reputati
1790 3515 1843 3557 Vn
1871 3517 1912 3549 35
1938 3514 2016 3547 filiis
2037 3516 2068 3548 R
2085 3515 2098 3559 ΙΙ
2123 3516 2163 3549 37
2189 3513 2260 3556 etsi]
2285 3516 2319 3547 ct
2340 3513 2398 3560 Vn
2413 3513 2477 3556 usi]

1408 3559 1472 3591 nisi
1497 3559 1559 3600 Va,
1584 3560 1644 3593 del.
1670 3558 1726 3603 νὺ,
1751 3560 1869 3594 om.R¹
