<?xml version="1.0" encoding="UTF-8"?>
<!DOCTYPE html PUBLIC "-//W3C//DTD XHTML 1.0 Transitional//EN"
    "http://www.w3.org/TR/xhtml1/DTD/xhtml1-transitional.dtd">
<html xmlns="http://www.w3.org/1999/xhtml" xml:lang="en" lang="en">
 <head>
  <title>
</title>
<meta http-equiv="Content-Type" content="text/html;charset=utf-8" />
  <meta name='ocr-system' content='tesseract 3.04.00' />
  <meta name='ocr-capabilities' content='ocr_page ocr_carea ocr_par ocr_line ocrx_word'/>
</head>
<body>
  <div class='ocr_page' id='page_1' title='image "./corpusjuriscivil00krueuoft_0184.png"; bbox 0 0 2592 3840; ppageno 0'>
   <div class='ocr_carea' id='block_1_1' title="bbox 209 72 2428 125">
    <p class='ocr_par' dir='ltr' id='par_1_1' title="bbox 209 72 2428 125">
     <span class='ocr_line' id='line_1_1' title="bbox 209 72 2428 125; baseline -0.002 0"><span class='ocrx_word' id='word_1_1' title='bbox 209 81 317 125; x_wconf 81' lang='lat' dir='ltr'><strong>Nov.</strong></span> <span class='ocrx_word' id='word_1_2' title='bbox 347 82 475 125; x_wconf 88' lang='lat' dir='ltr'>XXII</span> <span class='ocrx_word' id='word_1_3' title='bbox 508 83 558 125; x_wconf 89' lang='lat'><strong>18</strong></span> <span class='ocrx_word' id='word_1_4' title='bbox 1283 72 1361 121; x_wconf 87' lang='lat'><strong>158</strong></span> <span class='ocrx_word' id='word_1_5' title='bbox 1691 93 1695 97; x_wconf 60' lang='grc'>’</span> <span class='ocrx_word' id='word_1_6' title='bbox 2164 88 2222 119; x_wconf 68' lang='lat' dir='ltr'><strong>m:</strong></span> <span class='ocrx_word' id='word_1_7' title='bbox 2252 88 2428 120; x_wconf 70' lang='lat' dir='ltr'><strong>norme</strong></span> 
     </span>
    </p>
   </div>
   <div class='ocr_carea' id='block_1_2' title="bbox 209 185 2434 2034">
    <p class='ocr_par' dir='ltr' id='par_1_2' title="bbox 209 185 2434 2034">
     <span class='ocr_line' id='line_1_2' title="bbox 209 185 2428 240; baseline -0.002 -14"><span class='ocrx_word' id='word_1_8' title='bbox 209 204 305 226; x_wconf 84' lang='grc' dir='ltr'><strong><em>σεων</em></strong></span> <span class='ocrx_word' id='word_1_9' title='bbox 337 193 580 240; x_wconf 72' lang='grc' dir='ltr'><strong><em>σωφρονισμῷ</em></strong></span> <span class='ocrx_word' id='word_1_10' title='bbox 615 188 841 235; x_wconf 81' lang='grc' dir='ltr'><strong><em>παραδοῦναι</em></strong></span> <span class='ocrx_word' id='word_1_11' title='bbox 870 186 1091 234; x_wconf 83' lang='grc' dir='ltr'><strong><em>προςήκοντι.</em></strong></span> <span class='ocrx_word' id='word_1_12' title='bbox 1146 188 1192 221; x_wconf 85' lang='grc' dir='ltr'><strong>Εἰ</strong></span> <span class='ocrx_word' id='word_1_13' title='bbox 1237 186 1281 234; x_wconf 81' lang='grc' dir='ltr'><strong>ἀρ</strong></span> <span class='ocrx_word' id='word_1_14' title='bbox 1350 185 1584 221; x_wconf 76' lang='lat' dir='ltr'><strong>divisionibus</strong></span> <span class='ocrx_word' id='word_1_15' title='bbox 1619 185 1847 229; x_wconf 85' lang='lat' dir='ltr'><strong>castigationi</strong></span> <span class='ocrx_word' id='word_1_16' title='bbox 1882 185 2072 220; x_wconf 85' lang='lat' dir='ltr'><strong>tradantur</strong></span> <span class='ocrx_word' id='word_1_17' title='bbox 2107 187 2333 231; x_wconf 81' lang='lat' dir='ltr'><strong>competenti.</strong></span> <span class='ocrx_word' id='word_1_18' title='bbox 2389 187 2428 222; x_wconf 89' lang='lat' dir='ltr'><strong>Si</strong></span> 
     </span>
     <span class='ocr_line' id='line_1_3' title="bbox 211 200 2424 284; baseline -0.001 -13"><span class='ocrx_word' id='word_1_19' title='bbox 211 248 262 271; x_wconf 82' lang='grc' dir='ltr'><strong>τις</strong></span> <span class='ocrx_word' id='word_1_20' title='bbox 285 235 452 283; x_wconf 80' lang='grc' dir='ltr'><strong><em>ἀγάγοιτο</em></strong></span> <span class='ocrx_word' id='word_1_21' title='bbox 475 234 644 284; x_wconf 79' lang='grc' dir='ltr'><strong><em>γαμετήν,</em></strong></span> <span class='ocrx_word' id='word_1_22' title='bbox 677 234 698 278; x_wconf 88' lang='grc' dir='ltr'><em>ἢ</em></span> <span class='ocrx_word' id='word_1_23' title='bbox 722 237 780 269; x_wconf 81' lang='grc' dir='ltr'><strong>καὶ</strong></span> <span class='ocrx_word' id='word_1_24' title='bbox 797 232 885 280; x_wconf 83' lang='grc' dir='ltr'><strong><em>γυνὴ</em></strong></span> <span class='ocrx_word' id='word_1_25' title='bbox 908 232 996 280; x_wconf 81' lang='grc' dir='ltr'><strong><em>πρὸς</em></strong></span> <span class='ocrx_word' id='word_1_26' title='bbox 1026 231 1142 278; x_wconf 82' lang='grc' dir='ltr'><strong><em>ἄνδρα</em></strong></span> <span class='ocrx_word' id='word_1_27' title='bbox 1165 200 1271 266; x_wconf 48' lang='lat' dir='ltr'><strong>siim</strong></span> <span class='ocrx_word' id='word_1_28' title='bbox 1353 230 1430 275; x_wconf 90' lang='lat' dir='ltr'><strong>quis</strong></span> <span class='ocrx_word' id='word_1_29' title='bbox 1455 230 1547 265; x_wconf 91' lang='lat' dir='ltr'><strong>enim</strong></span> <span class='ocrx_word' id='word_1_30' title='bbox 1570 230 1714 265; x_wconf 86' lang='lat' dir='ltr'><strong>duxerit</strong></span> <span class='ocrx_word' id='word_1_31' title='bbox 1738 239 1899 273; x_wconf 88' lang='lat' dir='ltr'><strong>uxorem,</strong></span> <span class='ocrx_word' id='word_1_32' title='bbox 1931 233 1995 266; x_wconf 86' lang='lat' dir='ltr'><strong>aut</strong></span> <span class='ocrx_word' id='word_1_33' title='bbox 2023 229 2130 265; x_wconf 86' lang='lat' dir='ltr'><strong>etiam</strong></span> <span class='ocrx_word' id='word_1_34' title='bbox 2154 230 2280 266; x_wconf 89' lang='lat' dir='ltr'><strong>mulier</strong></span> <span class='ocrx_word' id='word_1_35' title='bbox 2304 231 2351 267; x_wconf 87' lang='lat' dir='ltr'><strong>ad</strong></span> <span class='ocrx_word' id='word_1_36' title='bbox 2374 232 2424 268; x_wconf 85' lang='lat' dir='ltr'><strong>vi-</strong></span> 
     </span>
     <span class='ocr_line' id='line_1_4' title="bbox 209 274 2427 327; baseline -0.002 -12"><span class='ocrx_word' id='word_1_37' title='bbox 209 283 356 326; x_wconf 82' lang='grc' dir='ltr'><strong><em>γαμικῆς</em></strong></span> <span class='ocrx_word' id='word_1_38' title='bbox 386 285 453 325; x_wconf 83' lang='grc' dir='ltr'><strong>μὲν</strong></span> <span class='ocrx_word' id='word_1_39' title='bbox 481 281 678 327; x_wconf 70' lang='grc' dir='ltr'><em>ληφθείσης</em></span> <span class='ocrx_word' id='word_1_40' title='bbox 709 275 948 324; x_wconf 80' lang='grc' dir='ltr'><strong><em>προαιρέσεώς</em></strong></span> <span class='ocrx_word' id='word_1_41' title='bbox 971 290 1010 311; x_wconf 83' lang='grc' dir='ltr'><strong>τε</strong></span> <span class='ocrx_word' id='word_1_42' title='bbox 1040 280 1100 311; x_wconf 78' lang='grc' dir='ltr'><strong>καὶ</strong></span> <span class='ocrx_word' id='word_1_43' title='bbox 1126 274 1281 324; x_wconf 81' lang='grc' dir='ltr'><strong><em>γνώμης,</em></strong></span> <span class='ocrx_word' id='word_1_44' title='bbox 1351 285 1429 310; x_wconf 91' lang='lat' dir='ltr'><strong>rum</strong></span> <span class='ocrx_word' id='word_1_45' title='bbox 1452 275 1579 317; x_wconf 86' lang='lat' dir='ltr'><strong>Veniat,</strong></span> <span class='ocrx_word' id='word_1_46' title='bbox 1613 275 1763 320; x_wconf 80' lang='lat' dir='ltr'><strong>nuptiali</strong></span> <span class='ocrx_word' id='word_1_47' title='bbox 1787 274 1930 319; x_wconf 88' lang='lat' dir='ltr'><strong>quidem</strong></span> <span class='ocrx_word' id='word_1_48' title='bbox 1957 277 2143 319; x_wconf 82' lang='lat' dir='ltr'><strong>assumpta</strong></span> <span class='ocrx_word' id='word_1_49' title='bbox 2165 275 2350 311; x_wconf 83' lang='lat' dir='ltr'><strong>voluntate</strong></span> <span class='ocrx_word' id='word_1_50' title='bbox 2372 280 2427 312; x_wconf 87' lang='lat' dir='ltr'><strong>at-</strong></span> 
     </span>
     <span class='ocr_line' id='line_1_5' title="bbox 210 319 2428 374; baseline -0.001 -15"><span class='ocrx_word' id='word_1_51' title='bbox 210 325 251 360; x_wconf 81' lang='grc' dir='ltr'><strong>οὐ</strong></span> <span class='ocrx_word' id='word_1_52' title='bbox 274 326 347 371; x_wconf 85' lang='grc' dir='ltr'><strong>μὴν</strong></span> <span class='ocrx_word' id='word_1_53' title='bbox 363 324 654 369; x_wconf 72' lang='grc' dir='ltr'><strong><em>ἀκολουθησάσης</em></strong></span> <span class='ocrx_word' id='word_1_54' title='bbox 677 324 821 370; x_wconf 84' lang='grc' dir='ltr'><strong><em>προικὸς</em></strong></span> <span class='ocrx_word' id='word_1_55' title='bbox 844 321 866 365; x_wconf 85' lang='grc' dir='ltr'>ἢ</span> <span class='ocrx_word' id='word_1_56' title='bbox 886 325 1127 369; x_wconf 89' lang='grc' dir='ltr'><strong><em>προγαμιαίας</em></strong></span> <span class='ocrx_word' id='word_1_57' title='bbox 1150 319 1284 368; x_wconf 76' lang='grc' dir='ltr'><strong><em>δωρεᾶς</em></strong></span> <span class='ocrx_word' id='word_1_58' title='bbox 1354 329 1423 373; x_wconf 80' lang='lat' dir='ltr'><strong>que</strong></span> <span class='ocrx_word' id='word_1_59' title='bbox 1446 320 1639 363; x_wconf 83' lang='lat' dir='ltr'><strong>sententia,</strong></span> <span class='ocrx_word' id='word_1_60' title='bbox 1672 330 1746 355; x_wconf 90' lang='lat' dir='ltr'><strong>non</strong></span> <span class='ocrx_word' id='word_1_61' title='bbox 1776 321 1896 355; x_wconf 83' lang='lat' dir='ltr'><strong>tamen</strong></span> <span class='ocrx_word' id='word_1_62' title='bbox 1930 322 2054 355; x_wconf 87' lang='lat' dir='ltr'><strong>secuta</strong></span> <span class='ocrx_word' id='word_1_63' title='bbox 2084 319 2167 355; x_wconf 88' lang='lat' dir='ltr'><strong>dote</strong></span> <span class='ocrx_word' id='word_1_64' title='bbox 2195 323 2259 356; x_wconf 91' lang='lat' dir='ltr'><strong>aut</strong></span> <span class='ocrx_word' id='word_1_65' title='bbox 2278 331 2428 374; x_wconf 82' lang='lat' dir='ltr'><strong>sponsa-</strong></span> 
     </span>
     <span class='ocr_line' id='line_1_6' title="bbox 211 364 2428 417; baseline -0.001 -12"><span class='ocrx_word' id='word_1_66' title='bbox 211 371 320 412; x_wconf 73' lang='grc' dir='ltr'><strong><em>(ἔνθα</em></strong></span> <span class='ocrx_word' id='word_1_67' title='bbox 337 369 381 413; x_wconf 80' lang='grc' dir='ltr'><strong>δὴ</strong></span> <span class='ocrx_word' id='word_1_68' title='bbox 401 375 459 404; x_wconf 82' lang='grc' dir='ltr'><strong>καὶ</strong></span> <span class='ocrx_word' id='word_1_69' title='bbox 487 373 771 417; x_wconf 76' lang='grc' dir='ltr'><strong><em>προπετέστερον</em></strong></span> <span class='ocrx_word' id='word_1_70' title='bbox 797 369 969 414; x_wconf 72' lang='grc' dir='ltr'><strong><em>γίνεσθαι</em></strong></span> <span class='ocrx_word' id='word_1_71' title='bbox 987 367 1049 401; x_wconf 86' lang='grc' dir='ltr'><strong>τὰς</strong></span> <span class='ocrx_word' id='word_1_72' title='bbox 1069 365 1183 401; x_wconf 80' lang='grc' dir='ltr'><strong><em>λύσεις</em></strong></span> <span class='ocrx_word' id='word_1_73' title='bbox 1203 377 1283 400; x_wconf 81' lang='grc' dir='ltr'><strong><em>συν·</em></strong></span> <span class='ocrx_word' id='word_1_74' title='bbox 1320 368 1339 400; x_wconf 83' lang='grc'>5</span> <span class='ocrx_word' id='word_1_75' title='bbox 1354 364 1438 400; x_wconf 83' lang='lat' dir='ltr'><strong>heia</strong></span> <span class='ocrx_word' id='word_1_76' title='bbox 1460 364 1626 408; x_wconf 84' lang='lat' dir='ltr'><strong>largitate</strong></span> <span class='ocrx_word' id='word_1_77' title='bbox 1663 364 1738 405; x_wconf 91' lang='lat' dir='ltr'><strong>(ubi</strong></span> <span class='ocrx_word' id='word_1_78' title='bbox 1773 375 1914 409; x_wconf 87' lang='lat' dir='ltr'><strong>quoque</strong></span> <span class='ocrx_word' id='word_1_79' title='bbox 1944 365 2209 410; x_wconf 79' lang='lat' dir='ltr'><strong>praesumptive</strong></span> <span class='ocrx_word' id='word_1_80' title='bbox 2231 364 2310 401; x_wconf 83' lang='lat' dir='ltr'><strong>fien</strong></span> <span class='ocrx_word' id='word_1_81' title='bbox 2332 366 2428 402; x_wconf 86' lang='lat' dir='ltr'><strong>solu-</strong></span> 
     </span>
     <span class='ocr_line' id='line_1_7' title="bbox 211 409 2430 460; baseline -0.002 -10"><span class='ocrx_word' id='word_1_82' title='bbox 211 419 349 459; x_wconf 80' lang='grc' dir='ltr'><strong><em>ε’βαινε,</em></strong></span> <span class='ocrx_word' id='word_1_83' title='bbox 382 415 532 460; x_wconf 83' lang='grc' dir='ltr'><strong><em>μηδενὸς</em></strong></span> <span class='ocrx_word' id='word_1_84' title='bbox 559 414 732 449; x_wconf 71' lang='grc' dir='ltr'><strong><em>ἐντεῦθεν</em></strong></span> <span class='ocrx_word' id='word_1_85' title='bbox 764 410 916 447; x_wconf 78' lang='grc' dir='ltr'><strong><em>ὑπόντος</em></strong></span> <span class='ocrx_word' id='word_1_86' title='bbox 948 411 1039 446; x_wconf 83' lang='grc' dir='ltr'><strong><em>κατὰ</em></strong></span> <span class='ocrx_word' id='word_1_87' title='bbox 1063 412 1125 445; x_wconf 80' lang='grc' dir='ltr'><strong>τοῦ</strong></span> <span class='ocrx_word' id='word_1_88' title='bbox 1151 423 1284 457; x_wconf 79' lang='grc' dir='ltr'><strong><em>προπε-</em></strong></span> <span class='ocrx_word' id='word_1_89' title='bbox 1354 410 1470 445; x_wconf 85' lang='lat' dir='ltr'><strong>tiones</strong></span> <span class='ocrx_word' id='word_1_90' title='bbox 1495 409 1740 453; x_wconf 86' lang='lat' dir='ltr'><strong>contingebat,</strong></span> <span class='ocrx_word' id='word_1_91' title='bbox 1773 410 1870 445; x_wconf 89' lang='lat' dir='ltr'><strong>nullo</strong></span> <span class='ocrx_word' id='word_1_92' title='bbox 1896 419 1939 444; x_wconf 87' lang='lat' dir='ltr'><strong>ex</strong></span> <span class='ocrx_word' id='word_1_93' title='bbox 1962 409 2031 445; x_wconf 85' lang='lat' dir='ltr'><strong>hoc</strong></span> <span class='ocrx_word' id='word_1_94' title='bbox 2056 410 2182 445; x_wconf 84' lang='lat' dir='ltr'><strong>contra</strong></span> <span class='ocrx_word' id='word_1_95' title='bbox 2204 410 2430 446; x_wconf 84' lang='lat' dir='ltr'><strong>temerarium</strong></span> 
     </span>
     <span class='ocr_line' id='line_1_8' title="bbox 210 454 2428 504; baseline -0.001 -10"><span class='ocrx_word' id='word_1_96' title='bbox 210 464 426 504; x_wconf 79' lang='grc' dir='ltr'><strong><em>τευσαμένου</em></strong></span> <span class='ocrx_word' id='word_1_97' title='bbox 448 459 646 502; x_wconf 77' lang='grc' dir='ltr'><strong><em>κινδύνου),</em></strong></span> <span class='ocrx_word' id='word_1_98' title='bbox 681 457 845 498; x_wconf 82' lang='grc' dir='ltr'><strong><em>διάταξιν</em></strong></span> <span class='ocrx_word' id='word_1_99' title='bbox 877 457 1087 503; x_wconf 76' lang='grc' dir='ltr'><strong><em>ἐγράψαμεν</em></strong></span> <span class='ocrx_word' id='word_1_100' title='bbox 1111 455 1285 503; x_wconf 78' lang='grc' dir='ltr'><strong><em>λέγουσαν</em></strong></span> <span class='ocrx_word' id='word_1_101' title='bbox 1355 456 1524 499; x_wconf 84' lang='lat' dir='ltr'><strong>sequente</strong></span> <span class='ocrx_word' id='word_1_102' title='bbox 1547 454 1739 499; x_wconf 85' lang='lat' dir='ltr'><strong>periculo),</strong></span> <span class='ocrx_word' id='word_1_103' title='bbox 1767 454 2055 491; x_wconf 85' lang='lat' dir='ltr'><strong>constitutionem</strong></span> <span class='ocrx_word' id='word_1_104' title='bbox 2079 455 2284 499; x_wconf 81' lang='lat' dir='ltr'><strong>scripsimus</strong></span> <span class='ocrx_word' id='word_1_105' title='bbox 2308 455 2428 491; x_wconf 90' lang='lat' dir='ltr'><strong>dicen-</strong></span> 
     </span>
     <span class='ocr_line' id='line_1_9' title="bbox 213 498 2430 550; baseline -0.001 -11"><span class='ocrx_word' id='word_1_106' title='bbox 213 503 278 546; x_wconf 72' lang='grc' dir='ltr'><strong>ιῦς,</strong></span> <span class='ocrx_word' id='word_1_107' title='bbox 312 505 348 539; x_wconf 84' lang='grc' dir='ltr'><strong><em>εἴ</em></strong></span> <span class='ocrx_word' id='word_1_108' title='bbox 365 517 418 540; x_wconf 85' lang='grc' dir='ltr'><strong>τις</strong></span> <span class='ocrx_word' id='word_1_109' title='bbox 441 502 654 545; x_wconf 78' lang='grc' dir='ltr'><strong><em>ὑπεξουσίαν</em></strong></span> <span class='ocrx_word' id='word_1_110' title='bbox 685 506 835 550; x_wconf 85' lang='grc' dir='ltr'><strong><em>γυναῖκα</em></strong></span> <span class='ocrx_word' id='word_1_111' title='bbox 864 499 992 549; x_wconf 84' lang='grc' dir='ltr'><strong><em>γνώμη</em></strong></span> <span class='ocrx_word' id='word_1_112' title='bbox 1019 504 1157 548; x_wconf 73' lang='grc' dir='ltr'><strong><em>γονέων</em></strong></span> <span class='ocrx_word' id='word_1_113' title='bbox 1181 499 1202 544; x_wconf 87' lang='grc' dir='ltr'>ἢ</span> <span class='ocrx_word' id='word_1_114' title='bbox 1226 503 1285 534; x_wconf 85' lang='grc' dir='ltr'><strong>καὶ</strong></span> <span class='ocrx_word' id='word_1_115' title='bbox 1354 503 1443 534; x_wconf 83' lang='lat' dir='ltr'><strong>tem:</strong></span> <span class='ocrx_word' id='word_1_116' title='bbox 1481 498 1512 534; x_wconf 83' lang='lat' dir='ltr'><strong>si</strong></span> <span class='ocrx_word' id='word_1_117' title='bbox 1548 500 1626 543; x_wconf 89' lang='lat' dir='ltr'><strong>quis</strong></span> <span class='ocrx_word' id='word_1_118' title='bbox 1663 499 1730 534; x_wconf 92' lang='lat' dir='ltr'><strong>sub</strong></span> <span class='ocrx_word' id='word_1_119' title='bbox 1764 502 1943 545; x_wconf 72' lang='lat' dir='ltr'><strong>potestate</strong></span> <span class='ocrx_word' id='word_1_120' title='bbox 1979 499 2211 536; x_wconf 76' lang='lat' dir='ltr'><strong>constitutam</strong></span> <span class='ocrx_word' id='word_1_121' title='bbox 2246 500 2430 537; x_wconf 85' lang='lat' dir='ltr'><strong>mulierem</strong></span> 
     </span>
     <span class='ocr_line' id='line_1_10' title="bbox 212 538 2431 595; baseline -0.001 -11"><span class='ocrx_word' id='word_1_122' title='bbox 212 547 443 590; x_wconf 74' lang='grc' dir='ltr'><strong><em>αὐτεξουσίαν</em></strong></span> <span class='ocrx_word' id='word_1_123' title='bbox 475 549 581 592; x_wconf 84' lang='grc' dir='ltr'><strong><em>τυχὸν</em></strong></span> <span class='ocrx_word' id='word_1_124' title='bbox 607 546 781 595; x_wconf 77' lang='grc' dir='ltr'><strong>ἀγάγηται</strong></span> <span class='ocrx_word' id='word_1_125' title='bbox 812 545 902 591; x_wconf 84' lang='grc' dir='ltr'><strong><em>μήτε</em></strong></span> <span class='ocrx_word' id='word_1_126' title='bbox 933 538 1079 590; x_wconf 73' lang='grc' dir='ltr'><strong><em>προικὸς</em></strong></span> <span class='ocrx_word' id='word_1_127' title='bbox 1102 544 1284 581; x_wconf 76' lang='grc' dir='ltr'><strong><em>ἐπιδοθεί-</em></strong></span> <span class='ocrx_word' id='word_1_128' title='bbox 1355 544 1537 579; x_wconf 81' lang='lat' dir='ltr'><strong>voluntate</strong></span> <span class='ocrx_word' id='word_1_129' title='bbox 1566 547 1756 589; x_wconf 87' lang='lat' dir='ltr'><strong>parentum</strong></span> <span class='ocrx_word' id='word_1_130' title='bbox 1785 548 1848 580; x_wconf 88' lang='lat' dir='ltr'><strong>aut</strong></span> <span class='ocrx_word' id='word_1_131' title='bbox 1879 545 1985 580; x_wconf 90' lang='lat' dir='ltr'><strong>etiam</strong></span> <span class='ocrx_word' id='word_1_132' title='bbox 2009 555 2096 581; x_wconf 87' lang='lat' dir='ltr'><strong>suae</strong></span> <span class='ocrx_word' id='word_1_133' title='bbox 2124 545 2315 590; x_wconf 83' lang='lat' dir='ltr'><strong>potestatis</strong></span> <span class='ocrx_word' id='word_1_134' title='bbox 2337 544 2431 581; x_wconf 80' lang='lat' dir='ltr'><strong>forte</strong></span> 
     </span>
     <span class='ocr_line' id='line_1_11' title="bbox 212 588 2430 649; baseline -0.001 -20"><span class='ocrx_word' id='word_1_135' title='bbox 212 606 274 637; x_wconf 87' lang='grc' dir='ltr'><strong>σης</strong></span> <span class='ocrx_word' id='word_1_136' title='bbox 296 592 384 638; x_wconf 77' lang='grc' dir='ltr'><strong><em>μήτε</em></strong></span> <span class='ocrx_word' id='word_1_137' title='bbox 409 593 640 649; x_wconf 69' lang='grc' dir='ltr'><strong><em>συμβολαίων</em></strong></span> <span class='ocrx_word' id='word_1_138' title='bbox 663 592 839 627; x_wconf 84' lang='grc' dir='ltr'><strong>τοιούτων</strong></span> <span class='ocrx_word' id='word_1_139' title='bbox 856 594 1072 638; x_wconf 79' lang='grc' dir='ltr'><strong><em>γενομένων,</em></strong></span> <span class='ocrx_word' id='word_1_140' title='bbox 1096 588 1114 625; x_wconf 90' lang='grc' dir='ltr'>ὁ</span> <span class='ocrx_word' id='word_1_141' title='bbox 1134 593 1202 635; x_wconf 82' lang='grc' dir='ltr'><strong>μὲν</strong></span> <span class='ocrx_word' id='word_1_142' title='bbox 1225 590 1284 637; x_wconf 82' lang='grc' dir='ltr'><strong><em>γά·</em></strong></span> <span class='ocrx_word' id='word_1_143' title='bbox 1302 590 1342 624; x_wconf 91' lang='grc'><strong>10</strong></span> <span class='ocrx_word' id='word_1_144' title='bbox 1355 589 1464 624; x_wconf 80' lang='lat' dir='ltr'><strong>ducat</strong></span> <span class='ocrx_word' id='word_1_145' title='bbox 1485 599 1631 624; x_wconf 87' lang='lat' dir='ltr'><strong>uxorem</strong></span> <span class='ocrx_word' id='word_1_146' title='bbox 1655 599 1770 635; x_wconf 85' lang='lat' dir='ltr'><strong>neque</strong></span> <span class='ocrx_word' id='word_1_147' title='bbox 1793 590 1875 626; x_wconf 87' lang='lat' dir='ltr'><strong>dote</strong></span> <span class='ocrx_word' id='word_1_148' title='bbox 1898 590 2020 626; x_wconf 81' lang='lat' dir='ltr'><strong>oblata</strong></span> <span class='ocrx_word' id='word_1_149' title='bbox 2049 599 2163 635; x_wconf 88' lang='lat' dir='ltr'><strong>neque</strong></span> <span class='ocrx_word' id='word_1_150' title='bbox 2186 589 2430 626; x_wconf 73' lang='lat' dir='ltr'><strong>instrumentis</strong></span> 
     </span>
     <span class='ocr_line' id='line_1_12' title="bbox 211 632 2430 690; baseline -0.001 -16"><span class='ocrx_word' id='word_1_151' title='bbox 211 651 275 682; x_wconf 87' lang='grc' dir='ltr'><strong>μσς</strong></span> <span class='ocrx_word' id='word_1_152' title='bbox 297 642 392 673; x_wconf 81' lang='grc' dir='ltr'><strong><em>ἔστω</em></strong></span> <span class='ocrx_word' id='word_1_153' title='bbox 416 651 542 686; x_wconf 79' lang='grc' dir='ltr'><strong><em>γαμος,</em></strong></span> <span class='ocrx_word' id='word_1_154' title='bbox 572 636 639 672; x_wconf 77' lang='grc' dir='ltr'><strong>κᾶν</strong></span> <span class='ocrx_word' id='word_1_155' title='bbox 662 639 692 671; x_wconf 83' lang='grc' dir='ltr'><strong><em>εἰ</em></strong></span> <span class='ocrx_word' id='word_1_156' title='bbox 715 638 881 683; x_wconf 76' lang='grc' dir='ltr'><strong><em>προικῷα</em></strong></span> <span class='ocrx_word' id='word_1_157' title='bbox 904 637 952 681; x_wconf 87' lang='grc' dir='ltr'><strong><em>μὴ</em></strong></span> <span class='ocrx_word' id='word_1_158' title='bbox 976 639 1212 690; x_wconf 55' lang='grc' dir='ltr'><strong><em>συγγραῗείη,</em></strong></span> <span class='ocrx_word' id='word_1_159' title='bbox 1237 633 1285 680; x_wconf 83' lang='grc' dir='ltr'><strong><em>μὴ</em></strong></span> <span class='ocrx_word' id='word_1_160' title='bbox 1356 634 1486 669; x_wconf 84' lang='lat' dir='ltr'><strong>talibus</strong></span> <span class='ocrx_word' id='word_1_161' title='bbox 1509 632 1628 677; x_wconf 85' lang='lat' dir='ltr'><strong>factis,</strong></span> <span class='ocrx_word' id='word_1_162' title='bbox 1653 635 1803 679; x_wconf 85' lang='lat' dir='ltr'><strong>nuptiae</strong></span> <span class='ocrx_word' id='word_1_163' title='bbox 1825 635 1967 680; x_wconf 87' lang='lat' dir='ltr'><strong>quidem</strong></span> <span class='ocrx_word' id='word_1_164' title='bbox 1992 635 2063 670; x_wconf 82' lang='lat' dir='ltr'><strong>sint</strong></span> <span class='ocrx_word' id='word_1_165' title='bbox 2082 635 2238 680; x_wconf 81' lang='lat' dir='ltr'><strong>nuptiae,</strong></span> <span class='ocrx_word' id='word_1_166' title='bbox 2263 635 2348 671; x_wconf 88' lang='lat' dir='ltr'><strong>licet</strong></span> <span class='ocrx_word' id='word_1_167' title='bbox 2367 635 2430 671; x_wconf 91' lang='lat' dir='ltr'><strong>do-</strong></span> 
     </span>
     <span class='ocr_line' id='line_1_13' title="bbox 213 678 2432 728; baseline -0.001 -10"><span class='ocrx_word' id='word_1_168' title='bbox 213 682 272 718; x_wconf 83' lang='grc' dir='ltr'><strong>διὰ</strong></span> <span class='ocrx_word' id='word_1_169' title='bbox 295 686 400 718; x_wconf 85' lang='grc' dir='ltr'><strong><em>τοῦτο</em></strong></span> <span class='ocrx_word' id='word_1_170' title='bbox 425 682 464 718; x_wconf 80' lang='grc' dir='ltr'><strong>δὲ</strong></span> <span class='ocrx_word' id='word_1_171' title='bbox 494 683 513 717; x_wconf 87' lang='grc' dir='ltr'>ὁ</span> <span class='ocrx_word' id='word_1_172' title='bbox 538 683 625 728; x_wconf 82' lang='grc' dir='ltr'><strong><em>ἀνὴρ</em></strong></span> <span class='ocrx_word' id='word_1_173' title='bbox 659 683 778 725; x_wconf 83' lang='grc' dir='ltr'><strong><em>(τοῦτο</em></strong></span> <span class='ocrx_word' id='word_1_174' title='bbox 802 678 891 728; x_wconf 81' lang='grc' dir='ltr'><strong><em>ὅπερ</em></strong></span> <span class='ocrx_word' id='word_1_175' title='bbox 916 683 976 716; x_wconf 77' lang='grc' dir='ltr'><strong><em>ἐπὶ</em></strong></span> <span class='ocrx_word' id='word_1_176' title='bbox 1008 680 1156 717; x_wconf 79' lang='grc' dir='ltr'><strong><em>πολλων</em></strong></span> <span class='ocrx_word' id='word_1_177' title='bbox 1179 681 1285 724; x_wconf 78' lang='grc' dir='ltr'><strong><em>ἴσμεν</em></strong></span> <span class='ocrx_word' id='word_1_178' title='bbox 1353 679 1441 714; x_wconf 89' lang='lat' dir='ltr'><strong>talia</strong></span> <span class='ocrx_word' id='word_1_179' title='bbox 1464 689 1536 714; x_wconf 92' lang='lat' dir='ltr'><strong>non</strong></span> <span class='ocrx_word' id='word_1_180' title='bbox 1559 679 1631 715; x_wconf 87' lang='lat' dir='ltr'><strong>sint</strong></span> <span class='ocrx_word' id='word_1_181' title='bbox 1655 680 1875 725; x_wconf 86' lang='lat' dir='ltr'><strong>conscripta,</strong></span> <span class='ocrx_word' id='word_1_182' title='bbox 1909 683 1950 716; x_wconf 91' lang='lat' dir='ltr'><strong>ut</strong></span> <span class='ocrx_word' id='word_1_183' title='bbox 1972 691 2045 716; x_wconf 91' lang='lat' dir='ltr'><strong>non</strong></span> <span class='ocrx_word' id='word_1_184' title='bbox 2074 680 2120 716; x_wconf 92' lang='lat' dir='ltr'><strong>ob</strong></span> <span class='ocrx_word' id='word_1_185' title='bbox 2143 680 2213 716; x_wconf 89' lang='lat' dir='ltr'><strong>hoc</strong></span> <span class='ocrx_word' id='word_1_186' title='bbox 2246 681 2299 715; x_wconf 85' lang='lat' dir='ltr'><strong>vir</strong></span> <span class='ocrx_word' id='word_1_187' title='bbox 2322 680 2432 724; x_wconf 84' lang='lat' dir='ltr'><strong>(quod</strong></span> 
     </span>
     <span class='ocr_line' id='line_1_14' title="bbox 211 723 2431 775; baseline -0 -13"><span class='ocrx_word' id='word_1_188' title='bbox 211 726 417 775; x_wconf 82' lang='grc' dir='ltr'><strong><em>γενόμενον)</em></strong></span> <span class='ocrx_word' id='word_1_189' title='bbox 449 727 649 762; x_wconf 57' lang='lat' dir='ltr'><strong>exciamem</strong></span> <span class='ocrx_word' id='word_1_190' title='bbox 674 729 735 769; x_wconf 85' lang='grc' dir='ltr'><strong>τῆς</strong></span> <span class='ocrx_word' id='word_1_191' title='bbox 762 727 874 760; x_wconf 80' lang='grc' dir='ltr'><strong><em>οἰκίας</em></strong></span> <span class='ocrx_word' id='word_1_192' title='bbox 905 725 973 769; x_wconf 83' lang='grc' dir='ltr'><strong>τὴν</strong></span> <span class='ocrx_word' id='word_1_193' title='bbox 997 724 1159 773; x_wconf 84' lang='grc' dir='ltr'><strong><em>γαμετὴν</em></strong></span> <span class='ocrx_word' id='word_1_194' title='bbox 1178 728 1286 771; x_wconf 81' lang='grc' dir='ltr'><strong><em>χωρὶς</em></strong></span> <span class='ocrx_word' id='word_1_195' title='bbox 1353 724 1391 758; x_wconf 86' lang='lat' dir='ltr'><strong>in</strong></span> <span class='ocrx_word' id='word_1_196' title='bbox 1422 723 1543 759; x_wconf 88' lang='lat' dir='ltr'><strong>multis</strong></span> <span class='ocrx_word' id='word_1_197' title='bbox 1575 724 1736 760; x_wconf 85' lang='lat' dir='ltr'><strong>novimus</strong></span> <span class='ocrx_word' id='word_1_198' title='bbox 1774 724 1924 766; x_wconf 83' lang='lat' dir='ltr'><strong>factum)</strong></span> <span class='ocrx_word' id='word_1_199' title='bbox 1959 725 2115 770; x_wconf 80' lang='lat' dir='ltr'><strong>expellat</strong></span> <span class='ocrx_word' id='word_1_200' title='bbox 2146 725 2250 761; x_wconf 88' lang='lat' dir='ltr'><strong>domo</strong></span> <span class='ocrx_word' id='word_1_201' title='bbox 2282 734 2431 761; x_wconf 80' lang='lat' dir='ltr'><strong>uxorem</strong></span> 
     </span>
     <span class='ocr_line' id='line_1_15' title="bbox 210 767 2430 818; baseline -0.001 -11"><span class='ocrx_word' id='word_1_202' title='bbox 210 775 292 817; x_wconf 83' lang='grc' dir='ltr'><strong><em>μιᾶς</em></strong></span> <span class='ocrx_word' id='word_1_203' title='bbox 315 775 391 807; x_wconf 86' lang='grc' dir='ltr'><strong><em>τιῦν</em></strong></span> <span class='ocrx_word' id='word_1_204' title='bbox 413 773 623 818; x_wconf 74' lang='grc' dir='ltr'><strong><em>ἑμπροσθεν</em></strong></span> <span class='ocrx_word' id='word_1_205' title='bbox 647 773 844 817; x_wconf 78' lang='grc' dir='ltr'><strong><em>εἰρημένων</em></strong></span> <span class='ocrx_word' id='word_1_206' title='bbox 874 768 1033 818; x_wconf 76' lang='grc' dir='ltr'><strong><em>εὐλόγων</em></strong></span> <span class='ocrx_word' id='word_1_207' title='bbox 1065 772 1212 812; x_wconf 81' lang='grc' dir='ltr'><strong><em>αἰτιῶν,</em></strong></span> <span class='ocrx_word' id='word_1_208' title='bbox 1245 767 1286 803; x_wconf 79' lang='grc' dir='ltr'><strong><em>ἅς</em></strong></span> <span class='ocrx_word' id='word_1_209' title='bbox 1355 769 1432 804; x_wconf 89' lang='lat' dir='ltr'><strong>sine</strong></span> <span class='ocrx_word' id='word_1_210' title='bbox 1466 778 1540 804; x_wconf 86' lang='lat' dir='ltr'><strong>una</strong></span> <span class='ocrx_word' id='word_1_211' title='bbox 1574 769 1673 814; x_wconf 87' lang='lat' dir='ltr'><strong>prius</strong></span> <span class='ocrx_word' id='word_1_212' title='bbox 1717 770 1891 806; x_wconf 88' lang='lat' dir='ltr'><strong>dictarum</strong></span> <span class='ocrx_word' id='word_1_213' title='bbox 1933 770 2195 806; x_wconf 79' lang='lat' dir='ltr'><strong>rationabilium</strong></span> <span class='ocrx_word' id='word_1_214' title='bbox 2230 780 2430 812; x_wconf 85' lang='lat' dir='ltr'><strong>causarum,</strong></span> 
     </span>
     <span class='ocr_line' id='line_1_16' title="bbox 212 813 2432 863; baseline -0 -12"><span class='ocrx_word' id='word_1_215' title='bbox 212 830 251 851; x_wconf 81' lang='grc' dir='ltr'><strong>τε</strong></span> <span class='ocrx_word' id='word_1_216' title='bbox 274 816 458 852; x_wconf 81' lang='grc' dir='ltr'><strong><em>Θεοδόσιος</em></strong></span> <span class='ocrx_word' id='word_1_217' title='bbox 481 818 520 851; x_wconf 80' lang='grc' dir='ltr'><strong><em>ἅς</em></strong></span> <span class='ocrx_word' id='word_1_218' title='bbox 539 830 578 851; x_wconf 82' lang='grc' dir='ltr'><strong>τε</strong></span> <span class='ocrx_word' id='word_1_219' title='bbox 603 814 699 861; x_wconf 80' lang='grc' dir='ltr'><em>ἡμεῖς</em></span> <span class='ocrx_word' id='word_1_220' title='bbox 722 813 987 863; x_wconf 74' lang='grc' dir='ltr'><strong><em>ἠριθμήσαμεν.</em></strong></span> <span class='ocrx_word' id='word_1_221' title='bbox 1034 816 1066 850; x_wconf 75' lang='grc' dir='ltr'><strong><em>εἰ</em></strong></span> <span class='ocrx_word' id='word_1_222' title='bbox 1084 814 1127 850; x_wconf 80' lang='grc' dir='ltr'><strong>δέ</strong></span> <span class='ocrx_word' id='word_1_223' title='bbox 1152 829 1189 849; x_wconf 87' lang='grc' dir='ltr'><strong>τι</strong></span> <span class='ocrx_word' id='word_1_224' title='bbox 1212 827 1284 849; x_wconf 85' lang='grc' dir='ltr'><strong><em>τοι·</em></strong></span> <span class='ocrx_word' id='word_1_225' title='bbox 1301 816 1340 848; x_wconf 87' lang='lat'><strong>15</strong></span> <span class='ocrx_word' id='word_1_226' title='bbox 1354 824 1511 859; x_wconf 82' lang='lat' dir='ltr'><strong>quasque</strong></span> <span class='ocrx_word' id='word_1_227' title='bbox 1532 814 1756 850; x_wconf 87' lang='lat' dir='ltr'><strong>Theodosius</strong></span> <span class='ocrx_word' id='word_1_228' title='bbox 1780 825 1940 861; x_wconf 88' lang='lat' dir='ltr'><strong>quasque</strong></span> <span class='ocrx_word' id='word_1_229' title='bbox 1963 825 2030 851; x_wconf 88' lang='lat' dir='ltr'><strong>nos</strong></span> <span class='ocrx_word' id='word_1_230' title='bbox 2053 815 2345 851; x_wconf 73' lang='lat' dir='ltr'><strong>enumeravimus.</strong></span> <span class='ocrx_word' id='word_1_231' title='bbox 2393 813 2432 850; x_wconf 84' lang='lat' dir='ltr'><strong>Si</strong></span> 
     </span>
     <span class='ocr_line' id='line_1_17' title="bbox 213 858 2432 916; baseline -0.001 -20"><span class='ocrx_word' id='word_1_232' title='bbox 213 863 297 896; x_wconf 83' lang='grc' dir='ltr'><strong><em>οὗτο</em></strong></span> <span class='ocrx_word' id='word_1_233' title='bbox 320 867 466 909; x_wconf 79' lang='grc' dir='ltr'><strong><em>γένηται</em></strong></span> <span class='ocrx_word' id='word_1_234' title='bbox 489 865 547 896; x_wconf 85' lang='grc' dir='ltr'><strong>καὶ</strong></span> <span class='ocrx_word' id='word_1_235' title='bbox 572 859 592 904; x_wconf 89' lang='grc' dir='ltr'><em>ἢ</em></span> <span class='ocrx_word' id='word_1_236' title='bbox 611 864 722 916; x_wconf 48' lang='grc' dir='ltr'><strong><em>,χωρὶς</em></strong></span> <span class='ocrx_word' id='word_1_237' title='bbox 746 861 861 894; x_wconf 80' lang='grc' dir='ltr'><strong><em>αἰτίας</em></strong></span> <span class='ocrx_word' id='word_1_238' title='bbox 886 858 998 904; x_wconf 81' lang='grc' dir='ltr'><strong><em>αὐτὴν</em></strong></span> <span class='ocrx_word' id='word_1_239' title='bbox 1021 859 1285 905; x_wconf 81' lang='grc' dir='ltr'><strong><em>ἄποπέμψηται</em></strong></span> <span class='ocrx_word' id='word_1_240' title='bbox 1379 859 1440 894; x_wconf 80' lang='lat' dir='ltr'><strong>uid</strong></span> <span class='ocrx_word' id='word_1_241' title='bbox 1461 862 1580 894; x_wconf 85' lang='lat' dir='ltr'><strong>autem</strong></span> <span class='ocrx_word' id='word_1_242' title='bbox 1612 860 1685 895; x_wconf 88' lang='lat' dir='ltr'><strong>tale</strong></span> <span class='ocrx_word' id='word_1_243' title='bbox 1714 859 1779 895; x_wconf 80' lang='lat' dir='ltr'><strong>fiat</strong></span> <span class='ocrx_word' id='word_1_244' title='bbox 1810 863 1846 895; x_wconf 89' lang='lat' dir='ltr'><strong>et</strong></span> <span class='ocrx_word' id='word_1_245' title='bbox 1868 863 1932 895; x_wconf 87' lang='lat' dir='ltr'><strong>aut</strong></span> <span class='ocrx_word' id='word_1_246' title='bbox 1963 860 2040 895; x_wconf 89' lang='lat' dir='ltr'><strong>sine</strong></span> <span class='ocrx_word' id='word_1_247' title='bbox 2064 870 2175 895; x_wconf 87' lang='lat' dir='ltr'><strong>causa</strong></span> <span class='ocrx_word' id='word_1_248' title='bbox 2197 869 2276 896; x_wconf 89' lang='lat' dir='ltr'><strong>eam</strong></span> <span class='ocrx_word' id='word_1_249' title='bbox 2299 860 2432 896; x_wconf 80' lang='lat' dir='ltr'><strong>abiciat</strong></span> 
     </span>
     <span class='ocr_line' id='line_1_18' title="bbox 212 904 2433 953; baseline 0 -13"><span class='ocrx_word' id='word_1_250' title='bbox 212 909 273 948; x_wconf 81' lang='grc' dir='ltr'><strong>τῆς</strong></span> <span class='ocrx_word' id='word_1_251' title='bbox 297 909 407 941; x_wconf 78' lang='grc' dir='ltr'><strong><em>οἰκίας</em></strong></span> <span class='ocrx_word' id='word_1_252' title='bbox 440 904 460 950; x_wconf 83' lang='grc' dir='ltr'><em>ἢ</em></span> <span class='ocrx_word' id='word_1_253' title='bbox 490 909 550 940; x_wconf 81' lang='grc' dir='ltr'><strong>καὶ</strong></span> <span class='ocrx_word' id='word_1_254' title='bbox 581 906 685 941; x_wconf 81' lang='grc' dir='ltr'><strong><em>αυτὸς</em></strong></span> <span class='ocrx_word' id='word_1_255' title='bbox 716 904 863 952; x_wconf 76' lang='grc' dir='ltr'><strong><em>εὔλογον</em></strong></span> <span class='ocrx_word' id='word_1_256' title='bbox 887 907 1008 940; x_wconf 83' lang='grc' dir='ltr'><strong><em>αἰτίαν</em></strong></span> <span class='ocrx_word' id='word_1_257' title='bbox 1032 905 1209 953; x_wconf 83' lang='grc' dir='ltr'><strong><em>παράσχοι</em></strong></span> <span class='ocrx_word' id='word_1_258' title='bbox 1229 905 1282 949; x_wconf 80' lang='grc' dir='ltr'><strong>τῷ</strong></span> <span class='ocrx_word' id='word_1_259' title='bbox 1380 914 1478 949; x_wconf 87' lang='lat' dir='ltr'><strong>omo,</strong></span> <span class='ocrx_word' id='word_1_260' title='bbox 1509 908 1572 940; x_wconf 88' lang='lat' dir='ltr'><strong>aut</strong></span> <span class='ocrx_word' id='word_1_261' title='bbox 1595 905 1703 940; x_wconf 87' lang='lat' dir='ltr'><strong>etiam</strong></span> <span class='ocrx_word' id='word_1_262' title='bbox 1725 905 1803 950; x_wconf 86' lang='lat' dir='ltr'><strong>ipse</strong></span> <span class='ocrx_word' id='word_1_263' title='bbox 1827 905 2078 941; x_wconf 85' lang='lat' dir='ltr'><strong>rationabilem</strong></span> <span class='ocrx_word' id='word_1_264' title='bbox 2103 914 2249 941; x_wconf 86' lang='lat' dir='ltr'><strong>causam</strong></span> <span class='ocrx_word' id='word_1_265' title='bbox 2272 906 2433 950; x_wconf 86' lang='lat' dir='ltr'><strong>praestet</strong></span> 
     </span>
     <span class='ocr_line' id='line_1_19' title="bbox 213 949 2432 999; baseline 0 -14"><span class='ocrx_word' id='word_1_266' title='bbox 213 951 278 994; x_wconf 82' lang='grc' dir='ltr'><strong>τὴν</strong></span> <span class='ocrx_word' id='word_1_267' title='bbox 300 955 450 998; x_wconf 83' lang='grc' dir='ltr'><strong><em>γυναῖκα</em></strong></span> <span class='ocrx_word' id='word_1_268' title='bbox 473 950 703 999; x_wconf 84' lang='grc' dir='ltr'><strong><em>ἀποχωρῆσαι</em></strong></span> <span class='ocrx_word' id='word_1_269' title='bbox 726 951 790 985; x_wconf 80' lang='grc' dir='ltr'><strong>τοῦ</strong></span> <span class='ocrx_word' id='word_1_270' title='bbox 816 949 904 998; x_wconf 82' lang='grc' dir='ltr'><strong><em>πρὸς</em></strong></span> <span class='ocrx_word' id='word_1_271' title='bbox 923 949 1036 985; x_wconf 83' lang='grc' dir='ltr'><strong><em>αὐτὸν</em></strong></span> <span class='ocrx_word' id='word_1_272' title='bbox 1053 954 1283 992; x_wconf 82' lang='grc' dir='ltr'><strong><em>συνοικεσίου,</em></strong></span> <span class='ocrx_word' id='word_1_273' title='bbox 1354 951 1395 985; x_wconf 92' lang='lat' dir='ltr'><strong>ut</strong></span> <span class='ocrx_word' id='word_1_274' title='bbox 1424 949 1550 985; x_wconf 88' lang='lat' dir='ltr'><strong>mulier</strong></span> <span class='ocrx_word' id='word_1_275' title='bbox 1581 953 1772 995; x_wconf 80' lang='lat' dir='ltr'><strong>separetur</strong></span> <span class='ocrx_word' id='word_1_276' title='bbox 1802 950 1849 986; x_wconf 87' lang='lat' dir='ltr'><strong>ab</strong></span> <span class='ocrx_word' id='word_1_277' title='bbox 1882 949 1956 986; x_wconf 88' lang='lat' dir='ltr'><strong>eius</strong></span> <span class='ocrx_word' id='word_1_278' title='bbox 1986 950 2232 994; x_wconf 84' lang='lat' dir='ltr'><strong>matrimonio,</strong></span> <span class='ocrx_word' id='word_1_279' title='bbox 2267 952 2432 996; x_wconf 86' lang='lat' dir='ltr'><strong>quartam</strong></span> 
     </span>
     <span class='ocr_line' id='line_1_20' title="bbox 212 994 2430 1044; baseline 0 -15"><span class='ocrx_word' id='word_1_280' title='bbox 212 996 253 1030; x_wconf 87' lang='grc' dir='ltr'><strong>τὸ</strong></span> <span class='ocrx_word' id='word_1_281' title='bbox 277 999 449 1044; x_wconf 82' lang='grc' dir='ltr'><strong><em>τέταρτον</em></strong></span> <span class='ocrx_word' id='word_1_282' title='bbox 472 999 576 1042; x_wconf 79' lang='grc' dir='ltr'><strong><em>μέρος</em></strong></span> <span class='ocrx_word' id='word_1_283' title='bbox 599 997 658 1030; x_wconf 72' lang='grc' dir='ltr'><strong>τ“ς</strong></span> <span class='ocrx_word' id='word_1_284' title='bbox 682 994 773 1030; x_wconf 81' lang='grc' dir='ltr'><strong><em>ἰδίας</em></strong></span> <span class='ocrx_word' id='word_1_285' title='bbox 794 999 1000 1042; x_wconf 76' lang='grc' dir='ltr'><strong><em>περιουσίας</em></strong></span> <span class='ocrx_word' id='word_1_286' title='bbox 1018 994 1284 1041; x_wconf 72' lang='grc' dir='ltr'><strong><em>ἀναγκαζέσθω</em></strong></span> <span class='ocrx_word' id='word_1_287' title='bbox 1353 997 1492 1039; x_wconf 85' lang='lat' dir='ltr'><strong>partem</strong></span> <span class='ocrx_word' id='word_1_288' title='bbox 1525 1005 1593 1039; x_wconf 91' lang='lat' dir='ltr'><strong>pro</strong></span> <span class='ocrx_word' id='word_1_289' title='bbox 1620 996 1693 1030; x_wconf 89' lang='lat' dir='ltr'><strong>riae</strong></span> <span class='ocrx_word' id='word_1_290' title='bbox 1728 995 1953 1031; x_wconf 87' lang='lat' dir='ltr'><strong>substantiae</strong></span> <span class='ocrx_word' id='word_1_291' title='bbox 1988 999 2137 1040; x_wconf 83' lang='lat' dir='ltr'><strong>cogatur</strong></span> <span class='ocrx_word' id='word_1_292' title='bbox 2169 995 2352 1031; x_wconf 84' lang='lat' dir='ltr'><strong>exsolvere</strong></span> <span class='ocrx_word' id='word_1_293' title='bbox 2385 994 2430 1030; x_wconf 87' lang='lat' dir='ltr'><strong>ei.</strong></span> 
     </span>
     <span class='ocr_line' id='line_1_21' title="bbox 212 1010 2429 1088; baseline 0.001 -14"><span class='ocrx_word' id='word_1_294' title='bbox 212 1041 427 1085; x_wconf 75' lang='grc' dir='ltr'><strong><em>καταβαλεῖν</em></strong></span> <span class='ocrx_word' id='word_1_295' title='bbox 452 1038 552 1088; x_wconf 73' lang='grc' dir='ltr'><strong><em>αὐτῇ.</em></strong></span> <span class='ocrx_word' id='word_1_296' title='bbox 600 1010 689 1075; x_wconf 56' lang='grc' dir='ltr'><strong><em>ἀλλὰ</em></strong></span> <span class='ocrx_word' id='word_1_297' title='bbox 709 1044 809 1086; x_wconf 82' lang='grc' dir='ltr'><strong><em>μέχρι</em></strong></span> <span class='ocrx_word' id='word_1_298' title='bbox 839 1043 907 1084; x_wconf 85' lang='grc' dir='ltr'><strong>μὲν</strong></span> <span class='ocrx_word' id='word_1_299' title='bbox 938 1044 1182 1087; x_wconf 82' lang='grc' dir='ltr'><strong><em>τετρακοσίων</em></strong></span> <span class='ocrx_word' id='word_1_300' title='bbox 1205 1054 1283 1087; x_wconf 86' lang='grc' dir='ltr'><strong><em>χρυ-</em></strong></span> <span class='ocrx_word' id='word_1_301' title='bbox 1298 1040 1340 1072; x_wconf 83' lang='lat'><strong>20</strong></span> <span class='ocrx_word' id='word_1_302' title='bbox 1353 1040 1402 1075; x_wconf 80' lang='lat' dir='ltr'><strong>Et</strong></span> <span class='ocrx_word' id='word_1_303' title='bbox 1425 1050 1539 1084; x_wconf 85' lang='lat' dir='ltr'><strong>usque</strong></span> <span class='ocrx_word' id='word_1_304' title='bbox 1562 1049 1584 1075; x_wconf 86' lang='lat' dir='ltr'><strong>a</strong></span> <span class='ocrx_word' id='word_1_305' title='bbox 1632 1040 1912 1085; x_wconf 84' lang='lat' dir='ltr'><strong>quadringentas</strong></span> <span class='ocrx_word' id='word_1_306' title='bbox 1936 1040 2078 1086; x_wconf 86' lang='lat' dir='ltr'><strong>quidem</strong></span> <span class='ocrx_word' id='word_1_307' title='bbox 2107 1040 2187 1076; x_wconf 82' lang='lat' dir='ltr'><strong>auri</strong></span> <span class='ocrx_word' id='word_1_308' title='bbox 2209 1040 2320 1076; x_wconf 80' lang='lat' dir='ltr'><strong>libras</strong></span> <span class='ocrx_word' id='word_1_309' title='bbox 2344 1039 2429 1076; x_wconf 74' lang='lat' dir='ltr'><strong>snb-</strong></span> 
     </span>
     <span class='ocr_line' id='line_1_22' title="bbox 212 1084 2434 1139; baseline 0.001 -20"><span class='ocrx_word' id='word_1_310' title='bbox 212 1089 288 1120; x_wconf 89' lang='grc' dir='ltr'><strong><em>σίου</em></strong></span> <span class='ocrx_word' id='word_1_311' title='bbox 312 1085 444 1130; x_wconf 81' lang='grc' dir='ltr'><strong><em>λιτρῶν</em></strong></span> <span class='ocrx_word' id='word_1_312' title='bbox 467 1085 534 1129; x_wconf 86' lang='grc' dir='ltr'><strong>τὴν</strong></span> <span class='ocrx_word' id='word_1_313' title='bbox 558 1090 766 1133; x_wconf 84' lang='grc' dir='ltr'><strong><em>περιουσίαν</em></strong></span> <span class='ocrx_word' id='word_1_314' title='bbox 786 1087 881 1139; x_wconf 51' lang='grc' dir='ltr'><strong><em>ἔχων</em></strong></span> <span class='ocrx_word' id='word_1_315' title='bbox 905 1086 1033 1120; x_wconf 84' lang='grc' dir='ltr'><strong><em>ἑκατὸν</em></strong></span> <span class='ocrx_word' id='word_1_316' title='bbox 1057 1085 1194 1132; x_wconf 89' lang='grc' dir='ltr'><strong><em>λίτραις</em></strong></span> <span class='ocrx_word' id='word_1_317' title='bbox 1227 1088 1283 1129; x_wconf 85' lang='grc' dir='ltr'><strong><em>ζη-</em></strong></span> <span class='ocrx_word' id='word_1_318' title='bbox 1354 1085 1522 1120; x_wconf 81' lang='lat' dir='ltr'><strong>stantiam</strong></span> <span class='ocrx_word' id='word_1_319' title='bbox 1551 1085 1689 1121; x_wconf 85' lang='lat' dir='ltr'><strong>habens</strong></span> <span class='ocrx_word' id='word_1_320' title='bbox 1720 1090 1862 1121; x_wconf 86' lang='lat' dir='ltr'><strong>centum</strong></span> <span class='ocrx_word' id='word_1_321' title='bbox 1894 1085 1998 1122; x_wconf 85' lang='lat' dir='ltr'><strong>libris</strong></span> <span class='ocrx_word' id='word_1_322' title='bbox 2028 1084 2332 1129; x_wconf 62' lang='lat' dir='ltr'><strong>damnificatum,</strong></span> <span class='ocrx_word' id='word_1_323' title='bbox 2363 1084 2434 1121; x_wconf 79' lang='lat' dir='ltr'><strong>hoe</strong></span> 
     </span>
     <span class='ocr_line' id='line_1_23' title="bbox 211 1128 2432 1187; baseline 0.001 -23"><span class='ocrx_word' id='word_1_324' title='bbox 211 1128 454 1174; x_wconf 71' lang='grc' dir='ltr'><strong><em>μιωθὴσεται,</em></strong></span> <span class='ocrx_word' id='word_1_325' title='bbox 480 1133 642 1165; x_wconf 75' lang='grc' dir='ltr'><strong><em>τουτέστι</em></strong></span> <span class='ocrx_word' id='word_1_326' title='bbox 661 1132 716 1174; x_wconf 76' lang='grc' dir='ltr'><strong>τῷ</strong></span> <span class='ocrx_word' id='word_1_327' title='bbox 738 1143 899 1187; x_wconf 83' lang='grc' dir='ltr'><strong><em>τεταρτῳ</em></strong></span> <span class='ocrx_word' id='word_1_328' title='bbox 921 1132 982 1174; x_wconf 83' lang='grc' dir='ltr'><strong>τῆς</strong></span> <span class='ocrx_word' id='word_1_329' title='bbox 1002 1135 1206 1177; x_wconf 78' lang='grc' dir='ltr'><strong><em>περιουσίας</em></strong></span> <span class='ocrx_word' id='word_1_330' title='bbox 1225 1133 1284 1175; x_wconf 75' lang='grc' dir='ltr'><strong><em>με’·</em></strong></span> <span class='ocrx_word' id='word_1_331' title='bbox 1353 1131 1410 1166; x_wconf 87' lang='lat' dir='ltr'><strong>est</strong></span> <span class='ocrx_word' id='word_1_332' title='bbox 1433 1133 1563 1175; x_wconf 82' lang='lat' dir='ltr'><strong>quarta</strong></span> <span class='ocrx_word' id='word_1_333' title='bbox 1587 1131 1812 1166; x_wconf 87' lang='lat' dir='ltr'><strong>substantiae</strong></span> <span class='ocrx_word' id='word_1_334' title='bbox 1828 1134 1942 1175; x_wconf 84' lang='lat' dir='ltr'><strong>parte,</strong></span> <span class='ocrx_word' id='word_1_335' title='bbox 1967 1131 2138 1166; x_wconf 84' lang='lat' dir='ltr'><strong>minorem</strong></span> <span class='ocrx_word' id='word_1_336' title='bbox 2154 1134 2274 1166; x_wconf 88' lang='lat' dir='ltr'><strong>autem</strong></span> <span class='ocrx_word' id='word_1_337' title='bbox 2297 1129 2344 1166; x_wconf 86' lang='lat' dir='ltr'><strong>ad</strong></span> <span class='ocrx_word' id='word_1_338' title='bbox 2362 1130 2432 1165; x_wconf 88' lang='lat' dir='ltr'><strong>hoc</strong></span> 
     </span>
     <span class='ocr_line' id='line_1_24' title="bbox 213 1173 2433 1222; baseline 0.001 -14"><span class='ocrx_word' id='word_1_339' title='bbox 213 1189 283 1221; x_wconf 86' lang='grc' dir='ltr'><strong><em>ρει,</em></strong></span> <span class='ocrx_word' id='word_1_340' title='bbox 316 1174 488 1210; x_wconf 80' lang='grc' dir='ltr'><strong><em>ἐλάττονα</em></strong></span> <span class='ocrx_word' id='word_1_341' title='bbox 513 1173 552 1209; x_wconf 79' lang='grc' dir='ltr'><strong>δὲ</strong></span> <span class='ocrx_word' id='word_1_342' title='bbox 578 1173 726 1218; x_wconf 75' lang='grc' dir='ltr'><strong><em>ταύτης,</em></strong></span> <span class='ocrx_word' id='word_1_343' title='bbox 751 1175 828 1209; x_wconf 74' lang='grc' dir='ltr'><strong>καθ</strong></span> <span class='ocrx_word' id='word_1_344' title='bbox 870 1174 957 1210; x_wconf 79' lang='grc' dir='ltr'><strong><em>ὅσον</em></strong></span> <span class='ocrx_word' id='word_1_345' title='bbox 981 1173 1003 1219; x_wconf 82' lang='grc' dir='ltr'><em>ἡ</em></span> <span class='ocrx_word' id='word_1_346' title='bbox 1025 1177 1088 1210; x_wconf 88' lang='grc' dir='ltr'><strong>τοῦ</strong></span> <span class='ocrx_word' id='word_1_347' title='bbox 1113 1174 1284 1222; x_wconf 83' lang='grc' dir='ltr'><strong><em>τετάρτου</em></strong></span> <span class='ocrx_word' id='word_1_348' title='bbox 1352 1175 1390 1210; x_wconf 88' lang='lat' dir='ltr'><strong>in</strong></span> <span class='ocrx_word' id='word_1_349' title='bbox 1415 1178 1587 1220; x_wconf 88' lang='lat' dir='ltr'><strong>quantum</strong></span> <span class='ocrx_word' id='word_1_350' title='bbox 1617 1177 1769 1221; x_wconf 75' lang='lat' dir='ltr'><strong>quartae</strong></span> <span class='ocrx_word' id='word_1_351' title='bbox 1799 1175 1888 1211; x_wconf 84' lang='lat' dir='ltr'><strong>facit</strong></span> <span class='ocrx_word' id='word_1_352' title='bbox 1917 1176 2108 1220; x_wconf 75' lang='lat' dir='ltr'><strong>quantitas.</strong></span> <span class='ocrx_word' id='word_1_353' title='bbox 2156 1175 2196 1211; x_wconf 84' lang='lat' dir='ltr'><strong>Si</strong></span> <span class='ocrx_word' id='word_1_354' title='bbox 2217 1185 2300 1211; x_wconf 85' lang='lat' dir='ltr'><strong>vero</strong></span> <span class='ocrx_word' id='word_1_355' title='bbox 2324 1174 2433 1211; x_wconf 83' lang='lat' dir='ltr'><strong>etiam</strong></span> 
     </span>
     <span class='ocr_line' id='line_1_25' title="bbox 212 1218 2433 1267; baseline -0 -12"><span class='ocrx_word' id='word_1_356' title='bbox 212 1224 308 1255; x_wconf 84' lang='grc' dir='ltr'><strong><em>ποιεῖ</em></strong></span> <span class='ocrx_word' id='word_1_357' title='bbox 330 1219 492 1263; x_wconf 83' lang='grc' dir='ltr'><strong><em>ποσότης.</em></strong></span> <span class='ocrx_word' id='word_1_358' title='bbox 540 1221 571 1254; x_wconf 86' lang='grc' dir='ltr'><strong><em>εἰ</em></strong></span> <span class='ocrx_word' id='word_1_359' title='bbox 596 1218 636 1254; x_wconf 78' lang='grc' dir='ltr'><strong>δὲ</strong></span> <span class='ocrx_word' id='word_1_360' title='bbox 658 1223 717 1254; x_wconf 84' lang='grc' dir='ltr'><strong>καὶ</strong></span> <span class='ocrx_word' id='word_1_361' title='bbox 741 1223 890 1264; x_wconf 84' lang='grc' dir='ltr'><strong><em>μείζονα</em></strong></span> <span class='ocrx_word' id='word_1_362' title='bbox 916 1221 978 1264; x_wconf 77' lang='grc' dir='ltr'><strong>τῆς</strong></span> <span class='ocrx_word' id='word_1_363' title='bbox 1001 1221 1184 1267; x_wconf 77' lang='grc' dir='ltr'><strong><em>εἰρημένης</em></strong></span> <span class='ocrx_word' id='word_1_364' title='bbox 1206 1221 1285 1255; x_wconf 81' lang='grc' dir='ltr'><strong>τῶν</strong></span> <span class='ocrx_word' id='word_1_365' title='bbox 1353 1220 1524 1256; x_wconf 84' lang='lat' dir='ltr'><strong>maiorem</strong></span> <span class='ocrx_word' id='word_1_366' title='bbox 1546 1221 1753 1266; x_wconf 78' lang='lat' dir='ltr'><strong>praedictae</strong></span> <span class='ocrx_word' id='word_1_367' title='bbox 1785 1220 2127 1265; x_wconf 81' lang='lat' dir='ltr'><strong>quadringentarum</strong></span> <span class='ocrx_word' id='word_1_368' title='bbox 2156 1220 2236 1256; x_wconf 81' lang='lat' dir='ltr'><strong>auri</strong></span> <span class='ocrx_word' id='word_1_369' title='bbox 2259 1220 2433 1257; x_wconf 83' lang='lat' dir='ltr'><strong>librarum</strong></span> 
     </span>
     <span class='ocr_line' id='line_1_26' title="bbox 212 1263 2434 1312; baseline 0 -13"><span class='ocrx_word' id='word_1_370' title='bbox 212 1268 452 1312; x_wconf 86' lang='grc' dir='ltr'><strong><em>τετρακοσίων</em></strong></span> <span class='ocrx_word' id='word_1_371' title='bbox 484 1266 547 1300; x_wconf 81' lang='grc' dir='ltr'><strong>τοῦ</strong></span> <span class='ocrx_word' id='word_1_372' title='bbox 579 1269 721 1312; x_wconf 84' lang='grc' dir='ltr'><strong><em>χρυσίου</em></strong></span> <span class='ocrx_word' id='word_1_373' title='bbox 751 1263 886 1311; x_wconf 78' lang='grc' dir='ltr'><strong><em>λιτρῶν</em></strong></span> <span class='ocrx_word' id='word_1_374' title='bbox 915 1263 1113 1309; x_wconf 79' lang='grc' dir='ltr'><strong><em>ποσότητος</em></strong></span> <span class='ocrx_word' id='word_1_375' title='bbox 1145 1267 1192 1300; x_wconf 82' lang='grc' dir='ltr'><strong>εἰς</strong></span> <span class='ocrx_word' id='word_1_376' title='bbox 1224 1278 1283 1301; x_wconf 85' lang='grc' dir='ltr'><strong>πε·</strong></span> <span class='ocrx_word' id='word_1_377' title='bbox 1298 1266 1339 1299; x_wconf 87' lang='grc'><strong>25</strong></span> <span class='ocrx_word' id='word_1_378' title='bbox 1354 1265 1564 1310; x_wconf 68' lang='lat' dir='ltr'><strong>quantitatis</strong></span> <span class='ocrx_word' id='word_1_379' title='bbox 1589 1265 1826 1302; x_wconf 70' lang='lat' dir='ltr'><strong>substantiam</strong></span> <span class='ocrx_word' id='word_1_380' title='bbox 1848 1266 1992 1308; x_wconf 78' lang='lat' dir='ltr'><strong>habeat,</strong></span> <span class='ocrx_word' id='word_1_381' title='bbox 2016 1276 2090 1302; x_wconf 90' lang='lat' dir='ltr'><strong>non</strong></span> <span class='ocrx_word' id='word_1_382' title='bbox 2112 1265 2265 1311; x_wconf 84' lang='lat' dir='ltr'><strong>amplius</strong></span> <span class='ocrx_word' id='word_1_383' title='bbox 2291 1267 2434 1301; x_wconf 78' lang='lat' dir='ltr'><strong>centum</strong></span> 
     </span>
     <span class='ocr_line' id='line_1_27' title="bbox 213 1309 2432 1364; baseline 0.001 -20"><span class='ocrx_word' id='word_1_384' title='bbox 213 1314 373 1356; x_wconf 77' lang='grc' dir='ltr'><strong><em>ριουσίαν</em></strong></span> <span class='ocrx_word' id='word_1_385' title='bbox 409 1313 501 1353; x_wconf 83' lang='grc' dir='ltr'><strong><em>ἔχοι,</em></strong></span> <span class='ocrx_word' id='word_1_386' title='bbox 536 1309 585 1354; x_wconf 86' lang='grc' dir='ltr'><strong><em>μὴ</em></strong></span> <span class='ocrx_word' id='word_1_387' title='bbox 620 1309 730 1346; x_wconf 78' lang='grc' dir='ltr'><strong><em>πλέον</em></strong></span> <span class='ocrx_word' id='word_1_388' title='bbox 763 1311 843 1344; x_wconf 81' lang='grc' dir='ltr'><strong>τῶν</strong></span> <span class='ocrx_word' id='word_1_389' title='bbox 877 1309 1006 1345; x_wconf 83' lang='grc' dir='ltr'><strong><em>ἑκατὸν</em></strong></span> <span class='ocrx_word' id='word_1_390' title='bbox 1041 1312 1103 1345; x_wconf 81' lang='grc' dir='ltr'><strong>τοῦ</strong></span> <span class='ocrx_word' id='word_1_391' title='bbox 1139 1315 1283 1357; x_wconf 82' lang='grc' dir='ltr'><strong><em>χρυσίου</em></strong></span> <span class='ocrx_word' id='word_1_392' title='bbox 1355 1311 1433 1346; x_wconf 79' lang='lat' dir='ltr'><strong>auri</strong></span> <span class='ocrx_word' id='word_1_393' title='bbox 1458 1310 1706 1347; x_wconf 83' lang='lat' dir='ltr'><strong>damnificetur</strong></span> <span class='ocrx_word' id='word_1_394' title='bbox 1727 1311 1838 1347; x_wconf 86' lang='lat' dir='ltr'><strong>libris.</strong></span> <span class='ocrx_word' id='word_1_395' title='bbox 1887 1310 1946 1346; x_wconf 86' lang='lat' dir='ltr'><strong>Ad</strong></span> <span class='ocrx_word' id='word_1_396' title='bbox 1967 1310 2158 1347; x_wconf 77' lang='lat' dir='ltr'><strong>maximam</strong></span> <span class='ocrx_word' id='word_1_397' title='bbox 2180 1320 2334 1364; x_wconf 84' lang='lat' dir='ltr'><strong>namque</strong></span> <span class='ocrx_word' id='word_1_398' title='bbox 2356 1309 2432 1355; x_wconf 84' lang='lat' dir='ltr'><strong>ple-</strong></span> 
     </span>
     <span class='ocr_line' id='line_1_28' title="bbox 212 1353 2432 1402; baseline 0.001 -13"><span class='ocrx_word' id='word_1_399' title='bbox 212 1355 421 1399; x_wconf 70' lang='grc' dir='ltr'><strong><em>ζημιούσθω</em></strong></span> <span class='ocrx_word' id='word_1_400' title='bbox 446 1354 589 1402; x_wconf 82' lang='grc' dir='ltr'><strong><em>λιτρῶν.</em></strong></span> <span class='ocrx_word' id='word_1_401' title='bbox 637 1354 725 1402; x_wconf 82' lang='grc' dir='ltr'><strong><em>πρὸς</em></strong></span> <span class='ocrx_word' id='word_1_402' title='bbox 751 1354 819 1402; x_wconf 80' lang='grc' dir='ltr'><strong>γὰρ</strong></span> <span class='ocrx_word' id='word_1_403' title='bbox 852 1353 896 1399; x_wconf 78' lang='grc' dir='ltr'><strong>δὴ</strong></span> <span class='ocrx_word' id='word_1_404' title='bbox 919 1355 986 1399; x_wconf 85' lang='grc' dir='ltr'><strong>τὴν</strong></span> <span class='ocrx_word' id='word_1_405' title='bbox 1009 1359 1182 1402; x_wconf 84' lang='grc' dir='ltr'><strong><em>μεγίστην</em></strong></span> <span class='ocrx_word' id='word_1_406' title='bbox 1209 1357 1284 1390; x_wconf 82' lang='grc' dir='ltr'><strong><em>ἐπί·</em></strong></span> <span class='ocrx_word' id='word_1_407' title='bbox 1353 1366 1503 1401; x_wconf 85' lang='lat' dir='ltr'><strong>rumque</strong></span> <span class='ocrx_word' id='word_1_408' title='bbox 1533 1356 1766 1401; x_wconf 80' lang='lat' dir='ltr'><strong>respicientes</strong></span> <span class='ocrx_word' id='word_1_409' title='bbox 1796 1356 1913 1392; x_wconf 86' lang='lat' dir='ltr'><strong>dotem</strong></span> <span class='ocrx_word' id='word_1_410' title='bbox 1940 1356 2053 1401; x_wconf 85' lang='lat' dir='ltr'><strong>legem</strong></span> <span class='ocrx_word' id='word_1_411' title='bbox 2082 1356 2176 1392; x_wconf 84' lang='lat' dir='ltr'><strong>hanc</strong></span> <span class='ocrx_word' id='word_1_412' title='bbox 2210 1354 2432 1401; x_wconf 75' lang='lat' dir='ltr'><strong>scripsimus,</strong></span> 
     </span>
     <span class='ocr_line' id='line_1_29' title="bbox 212 1398 2433 1448; baseline 0 -14"><span class='ocrx_word' id='word_1_413' title='bbox 212 1408 287 1434; x_wconf 78' lang='grc' dir='ltr'><strong>παν</strong></span> <span class='ocrx_word' id='word_1_414' title='bbox 318 1398 590 1445; x_wconf 75' lang='grc' dir='ltr'><strong><em>ἀποβλέψαντες</em></strong></span> <span class='ocrx_word' id='word_1_415' title='bbox 620 1403 750 1445; x_wconf 85' lang='grc' dir='ltr'><strong><em>προῖκα</em></strong></span> <span class='ocrx_word' id='word_1_416' title='bbox 785 1399 851 1434; x_wconf 85' lang='grc' dir='ltr'><strong>τὸν</strong></span> <span class='ocrx_word' id='word_1_417' title='bbox 878 1399 992 1445; x_wconf 87' lang='grc' dir='ltr'><strong><em>νόμον</em></strong></span> <span class='ocrx_word' id='word_1_418' title='bbox 1021 1402 1152 1435; x_wconf 82' lang='grc' dir='ltr'><strong><em>τοῦτον</em></strong></span> <span class='ocrx_word' id='word_1_419' title='bbox 1184 1402 1284 1448; x_wconf 80' lang='grc' dir='ltr'><strong><em>ἐγρά-</em></strong></span> <span class='ocrx_word' id='word_1_420' title='bbox 1354 1401 1591 1437; x_wconf 80' lang='lat' dir='ltr'><strong>substantiam</strong></span> <span class='ocrx_word' id='word_1_421' title='bbox 1623 1401 1723 1437; x_wconf 82' lang='lat' dir='ltr'><strong>illam</strong></span> <span class='ocrx_word' id='word_1_422' title='bbox 1761 1401 1887 1437; x_wconf 89' lang='lat' dir='ltr'><strong>merito</strong></span> <span class='ocrx_word' id='word_1_423' title='bbox 1928 1401 2124 1437; x_wconf 87' lang='lat' dir='ltr'><strong>secundum</strong></span> <span class='ocrx_word' id='word_1_424' title='bbox 2157 1403 2301 1436; x_wconf 85' lang='lat' dir='ltr'><strong>nostras</strong></span> <span class='ocrx_word' id='word_1_425' title='bbox 2336 1400 2433 1445; x_wconf 77' lang='lat' dir='ltr'><strong>leges</strong></span> 
     </span>
     <span class='ocr_line' id='line_1_30' title="bbox 412 1441 2432 1492; baseline 0 -12"><span class='ocrx_word' id='word_1_426' title='bbox 412 1442 421 1455; x_wconf 78' lang='lat'>²</span> <span class='ocrx_word' id='word_1_427' title='bbox 958 1444 965 1453; x_wconf 69' lang='grc'><em>“</em></span> <span class='ocrx_word' id='word_1_428' title='bbox 1046 1445 1054 1455; x_wconf 71' lang='grc'><strong>“</strong></span> <span class='ocrx_word' id='word_1_429' title='bbox 1112 1441 1122 1454; x_wconf 84' lang='lat'><em>‘</em></span> <span class='ocrx_word' id='word_1_430' title='bbox 1202 1449 1286 1481; x_wconf 91' lang='grc' dir='ltr'><strong>ὀυς</strong></span> <span class='ocrx_word' id='word_1_431' title='bbox 1353 1446 1582 1482; x_wconf 83' lang='lat' dir='ltr'><strong>aestimantes</strong></span> <span class='ocrx_word' id='word_1_432' title='bbox 1610 1456 1689 1482; x_wconf 82' lang='lat' dir='ltr'><strong>esse</strong></span> <span class='ocrx_word' id='word_1_433' title='bbox 1721 1456 1813 1492; x_wconf 89' lang='lat' dir='ltr'><strong>quae</strong></span> <span class='ocrx_word' id='word_1_434' title='bbox 1835 1456 1928 1492; x_wconf 88' lang='lat' dir='ltr'><strong>pura</strong></span> <span class='ocrx_word' id='word_1_435' title='bbox 1952 1446 2080 1483; x_wconf 88' lang='lat' dir='ltr'><strong>debitis</strong></span> <span class='ocrx_word' id='word_1_436' title='bbox 2103 1445 2276 1482; x_wconf 83' lang='lat' dir='ltr'><strong>videatur.</strong></span> <span class='ocrx_word' id='word_1_437' title='bbox 2323 1444 2432 1480; x_wconf 81' lang='lat' dir='ltr'><strong>Ratio</strong></span> 
     </span>
     <span class='ocr_line' id='line_1_31' title="bbox 1207 1460 2432 1545; baseline -0.002 -19"><span class='ocrx_word' id='word_1_438' title='bbox 1207 1460 1285 1526; x_wconf 56' lang='lat' dir='ltr'><strong>§ia—</strong></span> <span class='ocrx_word' id='word_1_439' title='bbox 1298 1491 1341 1524; x_wconf 90' lang='grc'><strong>30</strong></span> <span class='ocrx_word' id='word_1_440' title='bbox 1354 1501 1495 1545; x_wconf 85' lang='lat' dir='ltr'><strong>quoque</strong></span> <span class='ocrx_word' id='word_1_441' title='bbox 1519 1501 1564 1527; x_wconf 84' lang='lat' dir='ltr'><strong>ex</strong></span> <span class='ocrx_word' id='word_1_442' title='bbox 1586 1491 1674 1537; x_wconf 86' lang='lat' dir='ltr'><strong>ipsis</strong></span> <span class='ocrx_word' id='word_1_443' title='bbox 1699 1491 1817 1527; x_wconf 86' lang='lat' dir='ltr'><strong>causis</strong></span> <span class='ocrx_word' id='word_1_444' title='bbox 1841 1502 1907 1537; x_wconf 90' lang='lat' dir='ltr'><strong>pro</strong></span> <span class='ocrx_word' id='word_1_445' title='bbox 1931 1491 2097 1527; x_wconf 89' lang='lat' dir='ltr'><strong>cautione</strong></span> <span class='ocrx_word' id='word_1_446' title='bbox 2121 1491 2312 1536; x_wconf 86' lang='lat' dir='ltr'><strong>procedat,</strong></span> <span class='ocrx_word' id='word_1_447' title='bbox 2343 1493 2381 1526; x_wconf 82' lang='lat' dir='ltr'><strong>et</strong></span> <span class='ocrx_word' id='word_1_448' title='bbox 2403 1490 2432 1524; x_wconf 88' lang='lat' dir='ltr'><strong>si</strong></span> 
     </span>
     <span class='ocr_line' id='line_1_32' title="bbox 213 1533 2432 1590; baseline 0 -21"><span class='ocrx_word' id='word_1_449' title='bbox 213 1539 387 1590; x_wconf 55' lang='lat' dir='ltr'><strong>pulvereo.</strong></span> <span class='ocrx_word' id='word_1_450' title='bbox 425 1538 508 1569; x_wconf 72' lang='lat' dir='ltr'><strong>Kal</strong></span> <span class='ocrx_word' id='word_1_451' title='bbox 532 1549 551 1570; x_wconf 93' lang='lat' dir='ltr'><strong>o</strong></span> <span class='ocrx_word' id='word_1_452' title='bbox 575 1549 615 1582; x_wconf 83' lang='lat' dir='ltr'><strong>ys</strong></span> <span class='ocrx_word' id='word_1_453' title='bbox 644 1533 743 1583; x_wconf 84' lang='grc' dir='ltr'><strong><em>λόγος</em></strong></span> <span class='ocrx_word' id='word_1_454' title='bbox 775 1537 813 1569; x_wconf 81' lang='grc' dir='ltr'><strong>ἐκ</strong></span> <span class='ocrx_word' id='word_1_455' title='bbox 837 1537 915 1570; x_wconf 81' lang='grc' dir='ltr'><strong>τῶν</strong></span> <span class='ocrx_word' id='word_1_456' title='bbox 945 1548 1068 1570; x_wconf 82' lang='grc' dir='ltr'><strong><em>αυτων</em></strong></span> <span class='ocrx_word' id='word_1_457' title='bbox 1093 1538 1224 1571; x_wconf 78' lang='grc' dir='ltr'><strong><em>αιτιιίἱν</em></strong></span> <span class='ocrx_word' id='word_1_458' title='bbox 1247 1536 1286 1577; x_wconf 79' lang='grc' dir='ltr'><strong>ἐξ</strong></span> <span class='ocrx_word' id='word_1_459' title='bbox 1353 1536 1482 1572; x_wconf 87' lang='lat' dir='ltr'><strong>muller</strong></span> <span class='ocrx_word' id='word_1_460' title='bbox 1502 1546 1569 1589; x_wconf 82' lang='lat' dir='ltr'><strong>per</strong></span> <span class='ocrx_word' id='word_1_461' title='bbox 1594 1538 1736 1582; x_wconf 81' lang='lat' dir='ltr'><strong>culpam</strong></span> <span class='ocrx_word' id='word_1_462' title='bbox 1769 1537 1953 1582; x_wconf 86' lang='lat' dir='ltr'><strong>propriam</strong></span> <span class='ocrx_word' id='word_1_463' title='bbox 1984 1539 2171 1582; x_wconf 78' lang='lat' dir='ltr'><strong>separetur</strong></span> <span class='ocrx_word' id='word_1_464' title='bbox 2194 1545 2217 1571; x_wconf 84' lang='lat' dir='ltr'><strong>a</strong></span> <span class='ocrx_word' id='word_1_465' title='bbox 2233 1535 2308 1572; x_wconf 80' lang='lat' dir='ltr'><strong>Viro</strong></span> <span class='ocrx_word' id='word_1_466' title='bbox 2330 1533 2432 1570; x_wconf 78' lang='lat' dir='ltr'><strong>indo-</strong></span> 
     </span>
     <span class='ocr_line' id='line_1_33' title="bbox 212 1578 2434 1628; baseline 0.001 -15"><span class='ocrx_word' id='word_1_467' title='bbox 212 1578 454 1626; x_wconf 83' lang='grc' dir='ltr'><strong><em>αντιστρὸφου</em></strong></span> <span class='ocrx_word' id='word_1_468' title='bbox 476 1584 654 1627; x_wconf 86' lang='grc' dir='ltr'><strong><em>χωρείτω,</em></strong></span> <span class='ocrx_word' id='word_1_469' title='bbox 686 1583 746 1614; x_wconf 83' lang='grc' dir='ltr'><strong>καὶ</strong></span> <span class='ocrx_word' id='word_1_470' title='bbox 769 1581 868 1626; x_wconf 83' lang='grc' dir='ltr'><strong><em>εἴπερ</em></strong></span> <span class='ocrx_word' id='word_1_471' title='bbox 892 1579 914 1624; x_wconf 89' lang='grc' dir='ltr'><em>ἦ</em></span> <span class='ocrx_word' id='word_1_472' title='bbox 932 1580 1022 1628; x_wconf 82' lang='grc' dir='ltr'><strong><em>γυνὴ</em></strong></span> <span class='ocrx_word' id='word_1_473' title='bbox 1044 1593 1097 1615; x_wconf 87' lang='grc' dir='ltr'><strong>πα</strong></span> <span class='ocrx_word' id='word_1_474' title='bbox 1126 1579 1136 1592; x_wconf 78' lang='lat'>²</span> <span class='ocrx_word' id='word_1_475' title='bbox 1164 1582 1286 1616; x_wconf 87' lang='grc' dir='ltr'><strong><em>αἰτίαν</em></strong></span> <span class='ocrx_word' id='word_1_476' title='bbox 1353 1584 1431 1618; x_wconf 78' lang='lat' dir='ltr'><strong>tata</strong></span> <span class='ocrx_word' id='word_1_477' title='bbox 1455 1585 1631 1625; x_wconf 83' lang='lat' dir='ltr'><strong>existens,</strong></span> <span class='ocrx_word' id='word_1_478' title='bbox 1663 1585 1727 1618; x_wconf 87' lang='lat' dir='ltr'><strong>aut</strong></span> <span class='ocrx_word' id='word_1_479' title='bbox 1751 1582 1859 1617; x_wconf 83' lang='lat' dir='ltr'><strong>etiam</strong></span> <span class='ocrx_word' id='word_1_480' title='bbox 1880 1581 2000 1617; x_wconf 80' lang='lat' dir='ltr'><strong>mittat</strong></span> <span class='ocrx_word' id='word_1_481' title='bbox 2023 1581 2056 1617; x_wconf 86' lang='lat' dir='ltr'><strong>ei</strong></span> <span class='ocrx_word' id='word_1_482' title='bbox 2079 1581 2156 1617; x_wconf 87' lang='lat' dir='ltr'><strong>sine</strong></span> <span class='ocrx_word' id='word_1_483' title='bbox 2178 1580 2299 1626; x_wconf 77' lang='lat' dir='ltr'><strong>aliqua</strong></span> <span class='ocrx_word' id='word_1_484' title='bbox 2322 1589 2434 1615; x_wconf 85' lang='lat' dir='ltr'><strong>causa</strong></span> 
     </span>
     <span class='ocr_line' id='line_1_34' title="bbox 213 1595 2434 1672; baseline 0.001 -14"><span class='ocrx_word' id='word_1_485' title='bbox 213 1625 346 1658; x_wconf 79' lang='grc' dir='ltr'><strong><em>οἰκείαν</em></strong></span> <span class='ocrx_word' id='word_1_486' title='bbox 369 1623 612 1671; x_wconf 81' lang='grc' dir='ltr'><strong><em>ἀποχωρήσειε</em></strong></span> <span class='ocrx_word' id='word_1_487' title='bbox 631 1626 694 1660; x_wconf 82' lang='grc' dir='ltr'><strong>τοῦ</strong></span> <span class='ocrx_word' id='word_1_488' title='bbox 715 1623 843 1672; x_wconf 77' lang='grc' dir='ltr'><strong><em>ἀνδρὸς</em></strong></span> <span class='ocrx_word' id='word_1_489' title='bbox 863 1623 1031 1672; x_wconf 79' lang='grc' dir='ltr'><strong><em>ἄπροικος</em></strong></span> <span class='ocrx_word' id='word_1_490' title='bbox 1051 1595 1285 1668; x_wconf 50' lang='lat' dir='ltr'><strong>aagendam</strong></span> <span class='ocrx_word' id='word_1_491' title='bbox 1353 1626 1557 1662; x_wconf 79' lang='lat' dir='ltr'><strong>rationabili</strong></span> <span class='ocrx_word' id='word_1_492' title='bbox 1588 1627 1795 1672; x_wconf 80' lang='lat' dir='ltr'><strong>repudium,</strong></span> <span class='ocrx_word' id='word_1_493' title='bbox 1828 1626 1955 1663; x_wconf 84' lang='lat' dir='ltr'><strong>iisdem</strong></span> <span class='ocrx_word' id='word_1_494' title='bbox 1983 1626 2023 1662; x_wconf 88' lang='lat' dir='ltr'><strong>in</strong></span> <span class='ocrx_word' id='word_1_495' title='bbox 2053 1626 2218 1662; x_wconf 79' lang='lat' dir='ltr'><strong>omnibus</strong></span> <span class='ocrx_word' id='word_1_496' title='bbox 2250 1624 2434 1662; x_wconf 79' lang='lat' dir='ltr'><strong>subiaceat</strong></span> 
     </span>
     <span class='ocr_line' id='line_1_35' title="bbox 219 1668 2434 1719; baseline 0.001 -16"><span class='ocrx_word' id='word_1_497' title='bbox 219 1668 234 1679; x_wconf 74' lang='lat'><em>”</em></span> <span class='ocrx_word' id='word_1_498' title='bbox 254 1672 313 1703; x_wconf 83' lang='grc' dir='ltr'><strong>καὶ</strong></span> <span class='ocrx_word' id='word_1_499' title='bbox 335 1673 510 1715; x_wconf 83' lang='grc' dir='ltr'><strong><em>πέμψειεν</em></strong></span> <span class='ocrx_word' id='word_1_500' title='bbox 530 1668 630 1714; x_wconf 81' lang='grc' dir='ltr'><strong><em>αὐτῷ</em></strong></span> <span class='ocrx_word' id='word_1_501' title='bbox 650 1669 731 1713; x_wconf 85' lang='grc' dir='ltr'><strong><em>δίχα</em></strong></span> <span class='ocrx_word' id='word_1_502' title='bbox 751 1671 847 1705; x_wconf 82' lang='grc' dir='ltr'><strong><em>τινὸς</em></strong></span> <span class='ocrx_word' id='word_1_503' title='bbox 863 1671 979 1705; x_wconf 82' lang='grc' dir='ltr'><strong><em>αἰτίας</em></strong></span> <span class='ocrx_word' id='word_1_504' title='bbox 996 1669 1140 1718; x_wconf 81' lang='grc' dir='ltr'><strong><em>εὐλόγου</em></strong></span> <span class='ocrx_word' id='word_1_505' title='bbox 1157 1671 1283 1719; x_wconf 79' lang='grc' dir='ltr'><strong><em>ῥεπού-</em></strong></span> <span class='ocrx_word' id='word_1_506' title='bbox 1353 1672 1490 1717; x_wconf 85' lang='lat' dir='ltr'><strong>poenis.</strong></span> <span class='ocrx_word' id='word_1_507' title='bbox 1537 1672 1588 1707; x_wconf 84' lang='lat' dir='ltr'><strong>Et</strong></span> <span class='ocrx_word' id='word_1_508' title='bbox 1607 1674 1640 1708; x_wconf 85' lang='lat' dir='ltr'><strong>si</strong></span> <span class='ocrx_word' id='word_1_509' title='bbox 1656 1672 1806 1717; x_wconf 75' lang='lat' dir='ltr'><strong>quidem</strong></span> <span class='ocrx_word' id='word_1_510' title='bbox 1830 1682 1897 1717; x_wconf 86' lang='lat' dir='ltr'><strong>per</strong></span> <span class='ocrx_word' id='word_1_511' title='bbox 1913 1671 2055 1716; x_wconf 85' lang='lat' dir='ltr'><strong>culpam</strong></span> <span class='ocrx_word' id='word_1_512' title='bbox 2074 1671 2150 1707; x_wconf 89' lang='lat' dir='ltr'><strong>eius</strong></span> <span class='ocrx_word' id='word_1_513' title='bbox 2169 1670 2434 1706; x_wconf 84' lang='lat' dir='ltr'><strong>matrimonium</strong></span> 
     </span>
     <span class='ocr_line' id='line_1_36' title="bbox 212 1683 2434 1762; baseline 0.001 -14"><span class='ocrx_word' id='word_1_514' title='bbox 212 1683 302 1756; x_wconf 44' lang='grc' dir='ltr'><strong><em>(ξιον,</em></strong></span> <span class='ocrx_word' id='word_1_515' title='bbox 326 1718 403 1749; x_wconf 87' lang='grc' dir='ltr'><strong><em>ταῖς</em></strong></span> <span class='ocrx_word' id='word_1_516' title='bbox 427 1713 548 1750; x_wconf 79' lang='grc' dir='ltr'><strong><em>αὐταῖς</em></strong></span> <span class='ocrx_word' id='word_1_517' title='bbox 571 1717 610 1749; x_wconf 78' lang='grc' dir='ltr'><strong>ἐν</strong></span> <span class='ocrx_word' id='word_1_518' title='bbox 633 1712 769 1752; x_wconf 75' lang='grc' dir='ltr'><strong><em>ἅπασιν</em></strong></span> <span class='ocrx_word' id='word_1_519' title='bbox 791 1712 1004 1750; x_wconf 69' lang='grc' dir='ltr'><strong><em>’ὑποκείσθω</em></strong></span> <span class='ocrx_word' id='word_1_520' title='bbox 1029 1720 1178 1751; x_wconf 86' lang='grc' dir='ltr'><strong><em>ποιναῖς.</em></strong></span> <span class='ocrx_word' id='word_1_521' title='bbox 1223 1720 1283 1751; x_wconf 86' lang='grc' dir='ltr'><strong>καὶ</strong></span> <span class='ocrx_word' id='word_1_522' title='bbox 1297 1718 1338 1750; x_wconf 89' lang='lat'><strong>35</strong></span> <span class='ocrx_word' id='word_1_523' title='bbox 1354 1717 1522 1760; x_wconf 82' lang='lat' dir='ltr'><strong>solvatur,</strong></span> <span class='ocrx_word' id='word_1_524' title='bbox 1548 1716 1827 1762; x_wconf 84' lang='lat' dir='ltr'><strong>quinquennium</strong></span> <span class='ocrx_word' id='word_1_525' title='bbox 1851 1717 2114 1753; x_wconf 85' lang='lat' dir='ltr'><strong>observandum</strong></span> <span class='ocrx_word' id='word_1_526' title='bbox 2137 1715 2276 1751; x_wconf 86' lang='lat' dir='ltr'><strong>mulieri</strong></span> <span class='ocrx_word' id='word_1_527' title='bbox 2298 1718 2365 1758; x_wconf 86' lang='lat' dir='ltr'><strong>est,</strong></span> <span class='ocrx_word' id='word_1_528' title='bbox 2397 1715 2434 1750; x_wconf 85' lang='lat' dir='ltr'><strong>et</strong></span> 
     </span>
     <span class='ocr_line' id='line_1_37' title="bbox 212 1758 2434 1808; baseline 0.001 -15"><span class='ocrx_word' id='word_1_529' title='bbox 212 1760 243 1793; x_wconf 82' lang='grc' dir='ltr'><strong><em>εἰ</em></strong></span> <span class='ocrx_word' id='word_1_530' title='bbox 262 1761 330 1803; x_wconf 75' lang='grc' dir='ltr'><strong>μὲν</strong></span> <span class='ocrx_word' id='word_1_531' title='bbox 351 1758 436 1794; x_wconf 80' lang='grc' dir='ltr'><strong><em>κατ’</em></strong></span> <span class='ocrx_word' id='word_1_532' title='bbox 459 1761 579 1794; x_wconf 82' lang='grc' dir='ltr'><strong><em>αἰτίαν</em></strong></span> <span class='ocrx_word' id='word_1_533' title='bbox 611 1758 717 1803; x_wconf 84' lang='grc' dir='ltr'><strong><em>αὐτῆς</em></strong></span> <span class='ocrx_word' id='word_1_534' title='bbox 748 1759 767 1795; x_wconf 85' lang='grc' dir='ltr'>ὁ</span> <span class='ocrx_word' id='word_1_535' title='bbox 798 1761 907 1808; x_wconf 82' lang='grc' dir='ltr'><strong><em>γάμος</em></strong></span> <span class='ocrx_word' id='word_1_536' title='bbox 930 1759 1077 1804; x_wconf 75' lang='grc' dir='ltr'><strong><em>λυθείη,</em></strong></span> <span class='ocrx_word' id='word_1_537' title='bbox 1108 1760 1176 1805; x_wconf 83' lang='grc' dir='ltr'><strong>τὴν</strong></span> <span class='ocrx_word' id='word_1_538' title='bbox 1200 1775 1283 1797; x_wconf 75' lang='lat' dir='ltr'><strong>mv-</strong></span> <span class='ocrx_word' id='word_1_539' title='bbox 1353 1762 1518 1798; x_wconf 84' lang='lat' dir='ltr'><strong>secundis</strong></span> <span class='ocrx_word' id='word_1_540' title='bbox 1542 1773 1614 1798; x_wconf 91' lang='lat' dir='ltr'><strong>non</strong></span> <span class='ocrx_word' id='word_1_541' title='bbox 1638 1762 1864 1807; x_wconf 86' lang='lat' dir='ltr'><strong>copulabitur</strong></span> <span class='ocrx_word' id='word_1_542' title='bbox 1886 1762 2041 1807; x_wconf 86' lang='lat' dir='ltr'><strong>nuptiis:</strong></span> <span class='ocrx_word' id='word_1_543' title='bbox 2078 1762 2135 1798; x_wconf 89' lang='lat' dir='ltr'><strong>sin</strong></span> <span class='ocrx_word' id='word_1_544' title='bbox 2165 1770 2247 1797; x_wconf 84' lang='lat' dir='ltr'><strong>vero</strong></span> <span class='ocrx_word' id='word_1_545' title='bbox 2270 1770 2336 1806; x_wconf 87' lang='lat' dir='ltr'><strong>per</strong></span> <span class='ocrx_word' id='word_1_546' title='bbox 2359 1759 2434 1795; x_wconf 91' lang='lat' dir='ltr'><strong>cul-</strong></span> 
     </span>
     <span class='ocr_line' id='line_1_38' title="bbox 212 1804 2430 1853; baseline 0.001 -15"><span class='ocrx_word' id='word_1_547' title='bbox 212 1804 578 1851; x_wconf 65' lang='grc' dir='ltr'><strong><em>ταετίανφυλακτεόν</em></strong></span> <span class='ocrx_word' id='word_1_548' title='bbox 600 1807 645 1853; x_wconf 85' lang='grc' dir='ltr'><strong>τῇ</strong></span> <span class='ocrx_word' id='word_1_549' title='bbox 660 1810 819 1852; x_wconf 84' lang='grc' dir='ltr'><strong><em>γυναικί,</em></strong></span> <span class='ocrx_word' id='word_1_550' title='bbox 844 1809 904 1839; x_wconf 83' lang='grc' dir='ltr'><strong>καὶ</strong></span> <span class='ocrx_word' id='word_1_551' title='bbox 925 1804 1099 1852; x_wconf 76' lang='grc' dir='ltr'><strong><em>δευτέροις</em></strong></span> <span class='ocrx_word' id='word_1_552' title='bbox 1122 1804 1186 1850; x_wconf 75' lang='grc' dir='ltr'><strong>οὐχ</strong></span> <span class='ocrx_word' id='word_1_553' title='bbox 1208 1805 1283 1852; x_wconf 83' lang='grc' dir='ltr'><strong><em>ὁμι-</em></strong></span> <span class='ocrx_word' id='word_1_554' title='bbox 1353 1817 1436 1852; x_wconf 85' lang='lat' dir='ltr'><strong>pam</strong></span> <span class='ocrx_word' id='word_1_555' title='bbox 1465 1807 1586 1843; x_wconf 82' lang='lat' dir='ltr'><strong>mariti</strong></span> <span class='ocrx_word' id='word_1_556' title='bbox 1615 1811 1679 1843; x_wconf 79' lang='lat' dir='ltr'><strong>aut</strong></span> <span class='ocrx_word' id='word_1_557' title='bbox 1710 1807 1816 1849; x_wconf 85' lang='lat' dir='ltr'><strong>etiam</strong></span> <span class='ocrx_word' id='word_1_558' title='bbox 1839 1808 1935 1843; x_wconf 85' lang='lat' dir='ltr'><strong>bona</strong></span> <span class='ocrx_word' id='word_1_559' title='bbox 1957 1807 2072 1853; x_wconf 85' lang='lat' dir='ltr'><strong>gratia</strong></span> <span class='ocrx_word' id='word_1_560' title='bbox 2095 1805 2326 1848; x_wconf 79' lang='lat' dir='ltr'><strong>distrahatur,</strong></span> <span class='ocrx_word' id='word_1_561' title='bbox 2358 1813 2430 1840; x_wconf 82' lang='lat' dir='ltr'><strong>me·</strong></span> 
     </span>
     <span class='ocr_line' id='line_1_39' title="bbox 213 1847 2431 1898; baseline 0.001 -16"><span class='ocrx_word' id='word_1_562' title='bbox 213 1847 309 1892; x_wconf 81' lang='grc' dir='ltr'><strong><em>λήσει</em></strong></span> <span class='ocrx_word' id='word_1_563' title='bbox 335 1849 467 1896; x_wconf 80' lang='grc' dir='ltr'><strong><em>γάμοις.</em></strong></span> <span class='ocrx_word' id='word_1_564' title='bbox 515 1850 545 1883; x_wconf 86' lang='grc' dir='ltr'><strong><em>εἰ</em></strong></span> <span class='ocrx_word' id='word_1_565' title='bbox 574 1848 615 1884; x_wconf 77' lang='grc' dir='ltr'><strong>δὲ</strong></span> <span class='ocrx_word' id='word_1_566' title='bbox 642 1849 725 1884; x_wconf 81' lang='grc' dir='ltr'><strong><em>κατ’</em></strong></span> <span class='ocrx_word' id='word_1_567' title='bbox 752 1852 874 1885; x_wconf 86' lang='grc' dir='ltr'><strong><em>αἰτίαν</em></strong></span> <span class='ocrx_word' id='word_1_568' title='bbox 896 1852 959 1885; x_wconf 84' lang='grc' dir='ltr'><strong>τοῦ</strong></span> <span class='ocrx_word' id='word_1_569' title='bbox 985 1852 1232 1886; x_wconf 78' lang='grc' dir='ltr'><strong><em>συνοικοῦντος</em></strong></span> <span class='ocrx_word' id='word_1_570' title='bbox 1263 1850 1285 1895; x_wconf 83' lang='grc' dir='ltr'><em>ἢ</em></span> <span class='ocrx_word' id='word_1_571' title='bbox 1352 1853 1422 1888; x_wconf 85' lang='lat' dir='ltr'><strong>rito</strong></span> <span class='ocrx_word' id='word_1_572' title='bbox 1453 1857 1488 1888; x_wconf 85' lang='lat' dir='ltr'><strong>et</strong></span> <span class='ocrx_word' id='word_1_573' title='bbox 1516 1852 1576 1888; x_wconf 89' lang='lat' dir='ltr'><strong>hic</strong></span> <span class='ocrx_word' id='word_1_574' title='bbox 1599 1862 1732 1888; x_wconf 84' lang='lat' dir='ltr'><strong>annum</strong></span> <span class='ocrx_word' id='word_1_575' title='bbox 1756 1851 1936 1888; x_wconf 87' lang='lat' dir='ltr'><strong>custodiat</strong></span> <span class='ocrx_word' id='word_1_576' title='bbox 1967 1854 2115 1898; x_wconf 87' lang='lat' dir='ltr'><strong>propter</strong></span> <span class='ocrx_word' id='word_1_577' title='bbox 2137 1850 2280 1887; x_wconf 87' lang='lat' dir='ltr'><strong>seminis</strong></span> <span class='ocrx_word' id='word_1_578' title='bbox 2304 1848 2431 1886; x_wconf 83' lang='lat' dir='ltr'><strong>confu-</strong></span> 
     </span>
     <span class='ocr_line' id='line_1_40' title="bbox 212 1893 2276 1943; baseline 0.002 -16"><span class='ocrx_word' id='word_1_579' title='bbox 212 1896 271 1927; x_wconf 76' lang='grc' dir='ltr'><strong>καὶ</strong></span> <span class='ocrx_word' id='word_1_580' title='bbox 295 1894 390 1930; x_wconf 89' lang='lat' dir='ltr'><strong>bona</strong></span> <span class='ocrx_word' id='word_1_581' title='bbox 412 1895 524 1940; x_wconf 82' lang='lat' dir='ltr'><strong>gratia</strong></span> <span class='ocrx_word' id='word_1_582' title='bbox 547 1893 736 1939; x_wconf 77' lang='grc' dir='ltr'><strong><em>διαλυθείη</em></strong></span> <span class='ocrx_word' id='word_1_583' title='bbox 760 1896 859 1938; x_wconf 84' lang='grc' dir='ltr'><strong><em>(ἴσως</em></strong></span> <span class='ocrx_word' id='word_1_584' title='bbox 881 1896 949 1943; x_wconf 82' lang='grc' dir='ltr'><strong>γὰρ</strong></span> <span class='ocrx_word' id='word_1_585' title='bbox 980 1899 1040 1930; x_wconf 82' lang='grc' dir='ltr'><strong>καὶ</strong></span> <span class='ocrx_word' id='word_1_586' title='bbox 1063 1898 1195 1940; x_wconf 83' lang='grc' dir='ltr'><strong><em>τοῦτο),</em></strong></span> <span class='ocrx_word' id='word_1_587' title='bbox 1219 1897 1286 1932; x_wconf 77' lang='grc' dir='ltr'><strong>τὸν</strong></span> <span class='ocrx_word' id='word_1_588' title='bbox 1353 1897 1503 1943; x_wconf 86' lang='lat' dir='ltr'><strong>sionem,</strong></span> <span class='ocrx_word' id='word_1_589' title='bbox 1528 1901 1570 1933; x_wconf 86' lang='lat' dir='ltr'><strong>ut</strong></span> <span class='ocrx_word' id='word_1_590' title='bbox 1591 1907 1656 1943; x_wconf 87' lang='lat' dir='ltr'><strong>per</strong></span> <span class='ocrx_word' id='word_1_591' title='bbox 1680 1897 1799 1934; x_wconf 86' lang='lat' dir='ltr'><strong>omnia</strong></span> <span class='ocrx_word' id='word_1_592' title='bbox 1822 1897 1927 1934; x_wconf 88' lang='lat' dir='ltr'><strong>nobis</strong></span> <span class='ocrx_word' id='word_1_593' title='bbox 1951 1897 2010 1934; x_wconf 85' lang='lat' dir='ltr'><strong>lex</strong></span> <span class='ocrx_word' id='word_1_594' title='bbox 2032 1896 2194 1943; x_wconf 84' lang='lat' dir='ltr'><strong>perfecta</strong></span> <span class='ocrx_word' id='word_1_595' title='bbox 2219 1895 2276 1932; x_wconf 83' lang='lat' dir='ltr'><strong>sit.</strong></span> 
     </span>
     <span class='ocr_line' id='line_1_41' title="bbox 212 1938 1341 1989; baseline 0.003 -16"><span class='ocrx_word' id='word_1_596' title='bbox 212 1940 378 1974; x_wconf 81' lang='grc' dir='ltr'><strong><em>ἐνιαυτὸν</em></strong></span> <span class='ocrx_word' id='word_1_597' title='bbox 398 1939 607 1986; x_wconf 75' lang='grc' dir='ltr'><strong><em>φυλαττέτω</em></strong></span> <span class='ocrx_word' id='word_1_598' title='bbox 631 1938 690 1974; x_wconf 83' lang='grc' dir='ltr'><strong>διὰ</strong></span> <span class='ocrx_word' id='word_1_599' title='bbox 710 1939 752 1975; x_wconf 86' lang='grc' dir='ltr'><strong>τὸ</strong></span> <span class='ocrx_word' id='word_1_600' title='bbox 771 1942 835 1974; x_wconf 84' lang='grc' dir='ltr'><strong>τοῦ</strong></span> <span class='ocrx_word' id='word_1_601' title='bbox 853 1944 1056 1988; x_wconf 54' lang='grc' dir='ltr'><strong><em>σπέρματος</em></strong></span> <span class='ocrx_word' id='word_1_602' title='bbox 1074 1939 1284 1989; x_wconf 81' lang='grc' dir='ltr'><strong><em>ἀσύγχυτον,</em></strong></span> <span class='ocrx_word' id='word_1_603' title='bbox 1298 1944 1341 1977; x_wconf 85' lang='grc'><strong>40</strong></span> 
     </span>
     <span class='ocr_line' id='line_1_42' title="bbox 213 1982 1016 2034; baseline 0.005 -17"><span class='ocrx_word' id='word_1_604' title='bbox 213 1984 273 2018; x_wconf 76' lang='grc' dir='ltr'><strong>ἵνα</strong></span> <span class='ocrx_word' id='word_1_605' title='bbox 296 1982 357 2018; x_wconf 81' lang='grc' dir='ltr'><strong>διὰ</strong></span> <span class='ocrx_word' id='word_1_606' title='bbox 380 1983 531 2019; x_wconf 83' lang='grc' dir='ltr'><strong><em>πάντων</em></strong></span> <span class='ocrx_word' id='word_1_607' title='bbox 554 1982 638 2030; x_wconf 86' lang='grc' dir='ltr'><strong><em>ἡμῖν</em></strong></span> <span class='ocrx_word' id='word_1_608' title='bbox 657 1982 676 2019; x_wconf 79' lang='grc' dir='ltr'>ὁ</span> <span class='ocrx_word' id='word_1_609' title='bbox 700 1984 808 2030; x_wconf 84' lang='grc' dir='ltr'><strong><em>νόμος</em></strong></span> <span class='ocrx_word' id='word_1_610' title='bbox 829 1985 961 2021; x_wconf 74' lang='grc' dir='ltr'><strong><em>τέλειος</em></strong></span> <span class='ocrx_word' id='word_1_611' title='bbox 982 1988 1016 2034; x_wconf 85' lang='grc' dir='ltr'><strong>ᾐ.</strong></span> 
     </span>
    </p>
   </div>
   <div class='ocr_carea' id='block_1_3' title="bbox 212 1444 1205 1547">
    <p class='ocr_par' dir='ltr' id='par_1_3' title="bbox 212 1444 1205 1547">
     <span class='ocr_line' id='line_1_43' title="bbox 212 1444 1205 1491; baseline 0.002 -13"><span class='ocrx_word' id='word_1_612' title='bbox 212 1457 352 1490; x_wconf 81' lang='grc' dir='ltr'><strong><em>ψαμεν,</em></strong></span> <span class='ocrx_word' id='word_1_613' title='bbox 383 1449 509 1479; x_wconf 75' lang='grc' dir='ltr'><strong><em>ουσίαν</em></strong></span> <span class='ocrx_word' id='word_1_614' title='bbox 537 1444 683 1480; x_wconf 84' lang='grc' dir='ltr'><strong><em>εἰκότως</em></strong></span> <span class='ocrx_word' id='word_1_615' title='bbox 709 1447 848 1488; x_wconf 86' lang='grc' dir='ltr'><strong><em>ἐκείνην</em></strong></span> <span class='ocrx_word' id='word_1_616' title='bbox 879 1459 971 1480; x_wconf 84' lang='grc' dir='ltr'><strong><em>κατα</em></strong></span> <span class='ocrx_word' id='word_1_617' title='bbox 994 1457 1076 1481; x_wconf 80' lang='grc' dir='ltr'><strong><em>τους</em></strong></span> <span class='ocrx_word' id='word_1_618' title='bbox 1102 1458 1205 1491; x_wconf 82' lang='grc' dir='ltr'><strong><em>ημετε</em></strong></span> 
     </span>
     <span class='ocr_line' id='line_1_44' title="bbox 212 1487 1184 1547; baseline 0.003 -24"><span class='ocrx_word' id='word_1_619' title='bbox 212 1487 337 1534; x_wconf 81' lang='grc' dir='ltr'><strong><em>νόμους</em></strong></span> <span class='ocrx_word' id='word_1_620' title='bbox 359 1490 672 1543; x_wconf 40' lang='grc' dir='ltr'><strong><em>οἰηθέντεςιεῖναι,</em></strong></span> <span class='ocrx_word' id='word_1_621' title='bbox 703 1487 793 1536; x_wconf 77' lang='grc' dir='ltr'><strong><em>ἤπερ</em></strong></span> <span class='ocrx_word' id='word_1_622' title='bbox 822 1488 868 1525; x_wconf 79' lang='grc' dir='ltr'><strong>ἂν</strong></span> <span class='ocrx_word' id='word_1_623' title='bbox 897 1491 1046 1546; x_wconf 49' lang='grc' dir='ltr'><strong><em>καθαροὶ</em></strong></span> <span class='ocrx_word' id='word_1_624' title='bbox 1066 1492 1184 1547; x_wconf 58' lang='grc' dir='ltr'><strong><em>χρεῶν</em></strong></span> 
     </span>
    </p>
   </div>
   <div class='ocr_carea' id='block_1_4' title="bbox 209 2119 2436 2978">
    <p class='ocr_par' dir='ltr' id='par_1_4' title="bbox 209 2119 2436 2668">
     <span class='ocr_line' id='line_1_45' title="bbox 211 2119 2433 2172; baseline 0 -18"><span class='ocrx_word' id='word_1_625' title='bbox 211 2119 463 2165; x_wconf 86' lang='lat' dir='ltr'><strong>parationibus</strong></span> <span class='ocrx_word' id='word_1_626' title='bbox 484 2121 562 2157; x_wconf 89' lang='lat' dir='ltr'><strong>sine</strong></span> <span class='ocrx_word' id='word_1_627' title='bbox 581 2121 676 2156; x_wconf 88' lang='lat' dir='ltr'><strong>iusta</strong></span> <span class='ocrx_word' id='word_1_628' title='bbox 699 2126 810 2157; x_wconf 84' lang='lat' dir='ltr'><strong>causa</strong></span> <span class='ocrx_word' id='word_1_629' title='bbox 831 2121 946 2167; x_wconf 82' lang='lat' dir='ltr'><strong>sactis</strong></span> <span class='ocrx_word' id='word_1_630' title='bbox 969 2122 1203 2168; x_wconf 80' lang='lat' dir='ltr'><strong>castiqationi</strong></span> <span class='ocrx_word' id='word_1_631' title='bbox 1226 2121 1450 2159; x_wconf 82' lang='lat' dir='ltr'><strong>convenienti</strong></span> <span class='ocrx_word' id='word_1_632' title='bbox 1471 2121 1677 2158; x_wconf 87' lang='lat' dir='ltr'><strong>tradantur.</strong></span> <span class='ocrx_word' id='word_1_633' title='bbox 1724 2120 1767 2157; x_wconf 90' lang='lat' dir='ltr'><strong>Si</strong></span> <span class='ocrx_word' id='word_1_634' title='bbox 1812 2121 1868 2157; x_wconf 86' lang='lat' dir='ltr'><strong>uis</strong></span> <span class='ocrx_word' id='word_1_635' title='bbox 1887 2121 1981 2157; x_wconf 89' lang='lat' dir='ltr'><strong>enim</strong></span> <span class='ocrx_word' id='word_1_636' title='bbox 2002 2120 2153 2156; x_wconf 65' lang='lat' dir='ltr'><strong>duxerit</strong></span> <span class='ocrx_word' id='word_1_637' title='bbox 2169 2119 2433 2172; x_wconf 41' lang='lat' dir='ltr'><strong>uxorem-sive</strong></span> 
     </span>
     <span class='ocr_line' id='line_1_46' title="bbox 213 2163 2432 2216; baseline 0 -17"><span class='ocrx_word' id='word_1_638' title='bbox 213 2165 318 2199; x_wconf 86' lang='lat' dir='ltr'><strong>etiam</strong></span> <span class='ocrx_word' id='word_1_639' title='bbox 338 2164 466 2200; x_wconf 86' lang='lat' dir='ltr'><strong>mulier</strong></span> <span class='ocrx_word' id='word_1_640' title='bbox 489 2166 566 2202; x_wconf 88' lang='lat' dir='ltr'><strong>viro</strong></span> <span class='ocrx_word' id='word_1_641' title='bbox 590 2166 763 2212; x_wconf 77' lang='lat' dir='ltr'><strong>nupserit,</strong></span> <span class='ocrx_word' id='word_1_642' title='bbox 788 2166 974 2213; x_wconf 80' lang='lat' dir='ltr'><strong>coniuqali</strong></span> <span class='ocrx_word' id='word_1_643' title='bbox 998 2166 1141 2213; x_wconf 87' lang='lat' dir='ltr'><strong>quidem</strong></span> <span class='ocrx_word' id='word_1_644' title='bbox 1164 2167 1285 2203; x_wconf 88' lang='lat' dir='ltr'><strong>animo</strong></span> <span class='ocrx_word' id='word_1_645' title='bbox 1310 2170 1345 2203; x_wconf 91' lang='lat' dir='ltr'><strong>et</strong></span> <span class='ocrx_word' id='word_1_646' title='bbox 1367 2167 1552 2203; x_wconf 86' lang='lat' dir='ltr'><strong>voluntate</strong></span> <span class='ocrx_word' id='word_1_647' title='bbox 1574 2166 1749 2209; x_wconf 78' lang='lat' dir='ltr'><strong>adhibita,</strong></span> <span class='ocrx_word' id='word_1_648' title='bbox 1800 2169 1858 2202; x_wconf 82' lang='lat' dir='ltr'><strong>ote</strong></span> <span class='ocrx_word' id='word_1_649' title='bbox 1880 2169 2000 2202; x_wconf 88' lang='lat' dir='ltr'><strong>autem</strong></span> <span class='ocrx_word' id='word_1_650' title='bbox 2023 2164 2081 2201; x_wconf 82' lang='lat' dir='ltr'><strong>vel</strong></span> <span class='ocrx_word' id='word_1_651' title='bbox 2102 2168 2237 2201; x_wconf 85' lang='lat' dir='ltr'><strong>antenu</strong></span> <span class='ocrx_word' id='word_1_652' title='bbox 2266 2163 2432 2216; x_wconf 58' lang='lat' dir='ltr'><strong>natisio-</strong></span> 
     </span>
     <span class='ocr_line' id='line_1_47' title="bbox 212 2208 2433 2257; baseline 0 -13"><span class='ocrx_word' id='word_1_653' title='bbox 212 2210 360 2245; x_wconf 87' lang='lat' dir='ltr'><strong>natione</strong></span> <span class='ocrx_word' id='word_1_654' title='bbox 378 2221 450 2245; x_wconf 86' lang='lat' dir='ltr'><strong>non</strong></span> <span class='ocrx_word' id='word_1_655' title='bbox 468 2215 592 2247; x_wconf 87' lang='lat' dir='ltr'><strong>secuta</strong></span> <span class='ocrx_word' id='word_1_656' title='bbox 615 2213 701 2256; x_wconf 88' lang='lat' dir='ltr'><strong>(qua</strong></span> <span class='ocrx_word' id='word_1_657' title='bbox 720 2210 861 2257; x_wconf 87' lang='lat' dir='ltr'><strong>quidem</strong></span> <span class='ocrx_word' id='word_1_658' title='bbox 879 2211 918 2246; x_wconf 87' lang='lat' dir='ltr'><strong>in</strong></span> <span class='ocrx_word' id='word_1_659' title='bbox 941 2223 982 2247; x_wconf 89' lang='lat' dir='ltr'><strong>re</strong></span> <span class='ocrx_word' id='word_1_660' title='bbox 1001 2211 1188 2248; x_wconf 89' lang='lat' dir='ltr'><strong>accidebat</strong></span> <span class='ocrx_word' id='word_1_661' title='bbox 1206 2215 1249 2248; x_wconf 86' lang='lat' dir='ltr'><strong>ut</strong></span> <span class='ocrx_word' id='word_1_662' title='bbox 1267 2212 1374 2248; x_wconf 88' lang='lat' dir='ltr'><strong>etiam</strong></span> <span class='ocrx_word' id='word_1_663' title='bbox 1389 2211 1694 2247; x_wconf 78' lang='lat' dir='ltr'><strong>inconsideratius</strong></span> <span class='ocrx_word' id='word_1_664' title='bbox 1711 2211 1913 2247; x_wconf 80' lang='lat' dir='ltr'><strong>solutiones</strong></span> <span class='ocrx_word' id='word_1_665' title='bbox 1925 2210 2068 2256; x_wconf 80' lang='lat' dir='ltr'><strong>fierent,</strong></span> <span class='ocrx_word' id='word_1_666' title='bbox 2092 2219 2174 2245; x_wconf 87' lang='lat' dir='ltr'><strong>cum</strong></span> <span class='ocrx_word' id='word_1_667' title='bbox 2192 2220 2242 2245; x_wconf 84' lang='lat' dir='ltr'><strong>nu</strong></span> <span class='ocrx_word' id='word_1_668' title='bbox 2257 2209 2332 2245; x_wconf 88' lang='lat' dir='ltr'><strong>lum</strong></span> <span class='ocrx_word' id='word_1_669' title='bbox 2347 2208 2433 2245; x_wconf 70' lang='lat' dir='ltr'><strong>inde</strong></span> 
     </span>
     <span class='ocr_line' id='line_1_48' title="bbox 209 2254 2436 2308; baseline 0 -19"><span class='ocrx_word' id='word_1_670' title='bbox 209 2254 410 2300; x_wconf 80' lang='lat' dir='ltr'><strong>periculum</strong></span> <span class='ocrx_word' id='word_1_671' title='bbox 432 2255 591 2291; x_wconf 83' lang='lat' dir='ltr'><strong>subesset</strong></span> <span class='ocrx_word' id='word_1_672' title='bbox 612 2255 784 2292; x_wconf 86' lang='lat' dir='ltr'><strong>adversus</strong></span> <span class='ocrx_word' id='word_1_673' title='bbox 806 2267 885 2291; x_wconf 85' lang='lat' dir='ltr'><strong>eum</strong></span> <span class='ocrx_word' id='word_1_674' title='bbox 909 2257 973 2303; x_wconf 83' lang='lat' dir='ltr'><strong>qui</strong></span> <span class='ocrx_word' id='word_1_675' title='bbox 994 2256 1262 2293; x_wconf 82' lang='lat' dir='ltr'><strong>inconsiderate</strong></span> <span class='ocrx_word' id='word_1_676' title='bbox 1290 2257 1446 2304; x_wconf 76' lang='lat' dir='ltr'><strong>eqisset),</strong></span> <span class='ocrx_word' id='word_1_677' title='bbox 1471 2256 1763 2292; x_wconf 86' lang='lat' dir='ltr'><strong>constitutionem</strong></span> <span class='ocrx_word' id='word_1_678' title='bbox 1783 2255 2015 2303; x_wconf 82' lang='lat' dir='ltr'><strong>scripsimus,</strong></span> <span class='ocrx_word' id='word_1_679' title='bbox 2044 2255 2291 2308; x_wconf 40' lang='lat' dir='ltr'><strong>quae-statuit</strong></span> <span class='ocrx_word' id='word_1_680' title='bbox 2319 2258 2378 2307; x_wconf 69' lang='lat' dir='ltr'><strong>ut,</strong></span> <span class='ocrx_word' id='word_1_681' title='bbox 2401 2254 2436 2290; x_wconf 87' lang='lat' dir='ltr'><strong>si</strong></span> 
     </span>
     <span class='ocr_line' id='line_1_49' title="bbox 213 2299 2433 2349; baseline 0 -15"><span class='ocrx_word' id='word_1_682' title='bbox 213 2299 294 2345; x_wconf 85' lang='lat' dir='ltr'><strong>quis</strong></span> <span class='ocrx_word' id='word_1_683' title='bbox 322 2300 523 2344; x_wconf 86' lang='lat' dir='ltr'><strong>mulierem,</strong></span> <span class='ocrx_word' id='word_1_684' title='bbox 555 2311 649 2347; x_wconf 86' lang='lat' dir='ltr'><strong>quae</strong></span> <span class='ocrx_word' id='word_1_685' title='bbox 679 2302 718 2336; x_wconf 89' lang='lat' dir='ltr'><strong>in</strong></span> <span class='ocrx_word' id='word_1_686' title='bbox 749 2305 927 2348; x_wconf 81' lang='lat' dir='ltr'><strong>potestate</strong></span> <span class='ocrx_word' id='word_1_687' title='bbox 950 2302 1015 2346; x_wconf 87' lang='lat' dir='ltr'><strong>sit,</strong></span> <span class='ocrx_word' id='word_1_688' title='bbox 1049 2313 1129 2337; x_wconf 91' lang='lat' dir='ltr'><strong>cum</strong></span> <span class='ocrx_word' id='word_1_689' title='bbox 1160 2302 1346 2338; x_wconf 83' lang='lat' dir='ltr'><strong>voluntate</strong></span> <span class='ocrx_word' id='word_1_690' title='bbox 1374 2305 1586 2349; x_wconf 88' lang='lat' dir='ltr'><strong>parentum,</strong></span> <span class='ocrx_word' id='word_1_691' title='bbox 1617 2301 1674 2337; x_wconf 78' lang='lat' dir='ltr'><strong>vel</strong></span> <span class='ocrx_word' id='word_1_692' title='bbox 1699 2301 1802 2348; x_wconf 83' lang='lat' dir='ltr'><strong>forte</strong></span> <span class='ocrx_word' id='word_1_693' title='bbox 1832 2301 1938 2337; x_wconf 84' lang='lat' dir='ltr'><strong>etiam</strong></span> <span class='ocrx_word' id='word_1_694' title='bbox 1972 2310 2065 2346; x_wconf 87' lang='lat' dir='ltr'><strong>quae</strong></span> <span class='ocrx_word' id='word_1_695' title='bbox 2092 2310 2150 2335; x_wconf 73' lang='lat' dir='ltr'><strong>sut</strong></span> <span class='ocrx_word' id='word_1_696' title='bbox 2181 2309 2274 2335; x_wconf 74' lang='lat' dir='ltr'><strong>iuris</strong></span> <span class='ocrx_word' id='word_1_697' title='bbox 2290 2302 2360 2347; x_wconf 72' lang='lat' dir='ltr'><strong>sit,</strong></span> <span class='ocrx_word' id='word_1_698' title='bbox 2393 2309 2433 2334; x_wconf 71' lang='lat' dir='ltr'><strong>tn</strong></span> 
     </span>
     <span class='ocr_line' id='line_1_50' title="bbox 212 2343 2435 2393; baseline 0 -15"><span class='ocrx_word' id='word_1_699' title='bbox 212 2345 478 2380; x_wconf 82' lang='lat' dir='ltr'><strong>matrimonium</strong></span> <span class='ocrx_word' id='word_1_700' title='bbox 511 2345 662 2382; x_wconf 76' lang='lat' dir='ltr'><strong>duxerit</strong></span> <span class='ocrx_word' id='word_1_701' title='bbox 691 2357 806 2391; x_wconf 87' lang='lat' dir='ltr'><strong>neque</strong></span> <span class='ocrx_word' id='word_1_702' title='bbox 836 2346 920 2382; x_wconf 85' lang='lat' dir='ltr'><strong>dote</strong></span> <span class='ocrx_word' id='word_1_703' title='bbox 949 2346 1037 2382; x_wconf 87' lang='lat' dir='ltr'><strong>data</strong></span> <span class='ocrx_word' id='word_1_704' title='bbox 1068 2357 1182 2393; x_wconf 89' lang='lat' dir='ltr'><strong>neque</strong></span> <span class='ocrx_word' id='word_1_705' title='bbox 1213 2347 1466 2383; x_wconf 88' lang='lat' dir='ltr'><strong>instrumentis·</strong></span> <span class='ocrx_word' id='word_1_706' title='bbox 1493 2346 1572 2382; x_wconf 87' lang='lat' dir='ltr'><strong>eius</strong></span> <span class='ocrx_word' id='word_1_707' title='bbox 1601 2346 1744 2393; x_wconf 77' lang='lat' dir='ltr'><strong>qeneris</strong></span> <span class='ocrx_word' id='word_1_708' title='bbox 1774 2345 1973 2392; x_wconf 84' lang='lat' dir='ltr'><strong>confectis,</strong></span> <span class='ocrx_word' id='word_1_709' title='bbox 2007 2355 2057 2380; x_wconf 86' lang='lat' dir='ltr'><strong>nu</strong></span> <span class='ocrx_word' id='word_1_710' title='bbox 2085 2344 2157 2380; x_wconf 88' lang='lat' dir='ltr'><strong>tiae</strong></span> <span class='ocrx_word' id='word_1_711' title='bbox 2188 2343 2331 2391; x_wconf 81' lang='lat' dir='ltr'><strong>quidem</strong></span> <span class='ocrx_word' id='word_1_712' title='bbox 2359 2343 2435 2380; x_wconf 85' lang='lat' dir='ltr'><strong>sint</strong></span> 
     </span>
     <span class='ocr_line' id='line_1_51' title="bbox 213 2388 2433 2441; baseline 0 -17"><span class='ocrx_word' id='word_1_713' title='bbox 213 2390 379 2435; x_wconf 82' lang='lat' dir='ltr'><strong>nuptiae,</strong></span> <span class='ocrx_word' id='word_1_714' title='bbox 403 2390 486 2426; x_wconf 84' lang='lat' dir='ltr'><strong>licet</strong></span> <span class='ocrx_word' id='word_1_715' title='bbox 508 2390 647 2426; x_wconf 85' lang='lat' dir='ltr'><strong>dotalia</strong></span> <span class='ocrx_word' id='word_1_716' title='bbox 669 2391 907 2427; x_wconf 79' lang='lat' dir='ltr'><strong>instrumenta</strong></span> <span class='ocrx_word' id='word_1_717' title='bbox 931 2392 1075 2427; x_wconf 85' lang='lat' dir='ltr'><strong>conscri</strong></span> <span class='ocrx_word' id='word_1_718' title='bbox 1102 2396 1139 2427; x_wconf 90' lang='lat' dir='ltr'><strong>ta</strong></span> <span class='ocrx_word' id='word_1_719' title='bbox 1161 2402 1236 2428; x_wconf 91' lang='lat' dir='ltr'><strong>non</strong></span> <span class='ocrx_word' id='word_1_720' title='bbox 1257 2393 1350 2434; x_wconf 87' lang='lat' dir='ltr'><strong>sint,</strong></span> <span class='ocrx_word' id='word_1_721' title='bbox 1382 2403 1468 2428; x_wconf 84' lang='lat' dir='ltr'><strong>neve</strong></span> <span class='ocrx_word' id='word_1_722' title='bbox 1489 2395 1688 2439; x_wconf 84' lang='lat' dir='ltr'><strong>propterea</strong></span> <span class='ocrx_word' id='word_1_723' title='bbox 1713 2391 1764 2434; x_wconf 90' lang='lat' dir='ltr'><strong>(id</strong></span> <span class='ocrx_word' id='word_1_724' title='bbox 1786 2390 1887 2437; x_wconf 88' lang='lat' dir='ltr'><strong>quod</strong></span> <span class='ocrx_word' id='word_1_725' title='bbox 1913 2390 1958 2426; x_wconf 85' lang='lat' dir='ltr'><strong>de</strong></span> <span class='ocrx_word' id='word_1_726' title='bbox 1981 2401 2042 2425; x_wconf 89' lang='lat' dir='ltr'><strong>mu</strong></span> <span class='ocrx_word' id='word_1_727' title='bbox 2059 2389 2105 2425; x_wconf 82' lang='lat' dir='ltr'><strong>tis</strong></span> <span class='ocrx_word' id='word_1_728' title='bbox 2125 2389 2269 2436; x_wconf 83' lang='lat' dir='ltr'><strong>factum</strong></span> <span class='ocrx_word' id='word_1_729' title='bbox 2289 2388 2433 2441; x_wconf 74' lang='lat' dir='ltr'><strong>scimus)</strong></span> 
     </span>
     <span class='ocr_line' id='line_1_52' title="bbox 213 2432 2434 2488; baseline 0 -19"><span class='ocrx_word' id='word_1_730' title='bbox 213 2434 268 2469; x_wconf 83' lang='lat' dir='ltr'><strong>vir</strong></span> <span class='ocrx_word' id='word_1_731' title='bbox 291 2445 444 2470; x_wconf 78' lang='lat' dir='ltr'><strong>uxorem</strong></span> <span class='ocrx_word' id='word_1_732' title='bbox 467 2434 572 2471; x_wconf 87' lang='lat' dir='ltr'><strong>domo</strong></span> <span class='ocrx_word' id='word_1_733' title='bbox 594 2435 758 2482; x_wconf 74' lang='lat' dir='ltr'><strong>expellat</strong></span> <span class='ocrx_word' id='word_1_734' title='bbox 780 2436 914 2488; x_wconf 79' lang='lat' dir='ltr'><strong>absque</strong></span> <span class='ocrx_word' id='word_1_735' title='bbox 937 2448 1011 2472; x_wconf 88' lang='lat' dir='ltr'><strong>una</strong></span> <span class='ocrx_word' id='word_1_736' title='bbox 1034 2436 1065 2472; x_wconf 83' lang='lat' dir='ltr'><strong>il</strong></span> <span class='ocrx_word' id='word_1_737' title='bbox 1077 2448 1180 2472; x_wconf 88' lang='lat' dir='ltr'><strong>arum</strong></span> <span class='ocrx_word' id='word_1_738' title='bbox 1228 2447 1295 2473; x_wconf 89' lang='lat' dir='ltr'><strong>uas</strong></span> <span class='ocrx_word' id='word_1_739' title='bbox 1318 2441 1403 2473; x_wconf 88' lang='lat' dir='ltr'><strong>ante</strong></span> <span class='ocrx_word' id='word_1_740' title='bbox 1425 2436 1587 2473; x_wconf 79' lang='lat' dir='ltr'><strong>diximus</strong></span> <span class='ocrx_word' id='word_1_741' title='bbox 1609 2437 1787 2472; x_wconf 86' lang='lat' dir='ltr'><strong>iustarum</strong></span> <span class='ocrx_word' id='word_1_742' title='bbox 1811 2446 2016 2479; x_wconf 83' lang='lat' dir='ltr'><strong>causarum,</strong></span> <span class='ocrx_word' id='word_1_743' title='bbox 2039 2438 2080 2487; x_wconf 64' lang='lat' dir='ltr'><strong>et</strong></span> <span class='ocrx_word' id='word_1_744' title='bbox 2099 2444 2200 2487; x_wconf 49' lang='lat' dir='ltr'><strong>quas·</strong></span> <span class='ocrx_word' id='word_1_745' title='bbox 2213 2432 2434 2470; x_wconf 72' lang='lat' dir='ltr'><strong>Tkeodosms</strong></span> 
     </span>
     <span class='ocr_line' id='line_1_53' title="bbox 213 2478 2433 2528; baseline 0 -15"><span class='ocrx_word' id='word_1_746' title='bbox 213 2482 248 2513; x_wconf 90' lang='lat' dir='ltr'><strong>et</strong></span> <span class='ocrx_word' id='word_1_747' title='bbox 272 2490 364 2524; x_wconf 87' lang='lat' dir='ltr'><strong>quas</strong></span> <span class='ocrx_word' id='word_1_748' title='bbox 386 2490 454 2514; x_wconf 90' lang='lat' dir='ltr'><strong>nos</strong></span> <span class='ocrx_word' id='word_1_749' title='bbox 476 2481 770 2516; x_wconf 85' lang='lat' dir='ltr'><strong>enumeravimus.</strong></span> <span class='ocrx_word' id='word_1_750' title='bbox 818 2480 857 2516; x_wconf 80' lang='lat' dir='ltr'><strong>Si</strong></span> <span class='ocrx_word' id='word_1_751' title='bbox 881 2492 964 2517; x_wconf 84' lang='lat' dir='ltr'><strong>vero</strong></span> <span class='ocrx_word' id='word_1_752' title='bbox 987 2482 1058 2517; x_wconf 85' lang='lat' dir='ltr'><strong>tale</strong></span> <span class='ocrx_word' id='word_1_753' title='bbox 1081 2481 1170 2528; x_wconf 86' lang='lat' dir='ltr'><strong>quid</strong></span> <span class='ocrx_word' id='word_1_754' title='bbox 1212 2486 1331 2518; x_wconf 87' lang='lat' dir='ltr'><strong>actum</strong></span> <span class='ocrx_word' id='word_1_755' title='bbox 1353 2482 1403 2518; x_wconf 87' lang='lat' dir='ltr'><strong>sit</strong></span> <span class='ocrx_word' id='word_1_756' title='bbox 1433 2486 1468 2518; x_wconf 87' lang='lat' dir='ltr'><strong>et</strong></span> <span class='ocrx_word' id='word_1_757' title='bbox 1496 2482 1552 2518; x_wconf 85' lang='lat' dir='ltr'><strong>vel</strong></span> <span class='ocrx_word' id='word_1_758' title='bbox 1572 2482 1650 2517; x_wconf 88' lang='lat' dir='ltr'><strong>sine</strong></span> <span class='ocrx_word' id='word_1_759' title='bbox 1672 2491 1785 2517; x_wconf 84' lang='lat' dir='ltr'><strong>causa</strong></span> <span class='ocrx_word' id='word_1_760' title='bbox 1808 2491 1887 2517; x_wconf 89' lang='lat' dir='ltr'><strong>eam</strong></span> <span class='ocrx_word' id='word_1_761' title='bbox 1909 2479 2017 2516; x_wconf 85' lang='lat' dir='ltr'><strong>domo</strong></span> <span class='ocrx_word' id='word_1_762' title='bbox 2041 2479 2232 2522; x_wconf 71' lang='lat' dir='ltr'><strong>dimiserit,</strong></span> <span class='ocrx_word' id='word_1_763' title='bbox 2263 2478 2320 2515; x_wconf 85' lang='lat' dir='ltr'><strong>vel</strong></span> <span class='ocrx_word' id='word_1_764' title='bbox 2340 2478 2433 2522; x_wconf 82' lang='lat' dir='ltr'><strong>adeo</strong></span> 
     </span>
     <span class='ocr_line' id='line_1_54' title="bbox 212 2523 2435 2607; baseline 0.001 -50"><span class='ocrx_word' id='word_1_765' title='bbox 212 2524 291 2602; x_wconf 63' lang='lat' dir='ltr'><strong>iplse</strong></span> <span class='ocrx_word' id='word_1_766' title='bbox 320 2524 450 2603; x_wconf 51' lang='lat' dir='ltr'><strong>iustqm</strong></span> <span class='ocrx_word' id='word_1_767' title='bbox 474 2535 619 2560; x_wconf 85' lang='lat' dir='ltr'><strong>causam</strong></span> <span class='ocrx_word' id='word_1_768' title='bbox 648 2526 858 2605; x_wconf 53' lang='grc' dir='ltr'><strong><em>ρναεὲιαενὶί</em></strong></span> <span class='ocrx_word' id='word_1_769' title='bbox 880 2526 1067 2606; x_wconf 73' lang='lat' dir='ltr'><strong>mulierida</strong></span> <span class='ocrx_word' id='word_1_770' title='bbox 1090 2527 1261 2573; x_wconf 78' lang='lat' dir='ltr'><strong>coniuqio</strong></span> <span class='ocrx_word' id='word_1_771' title='bbox 1291 2530 1377 2562; x_wconf 78' lang='lat' dir='ltr'><strong>cum&#39;</strong></span> <span class='ocrx_word' id='word_1_772' title='bbox 1394 2526 1463 2579; x_wconf 76' lang='lat' dir='ltr'><strong>illo</strong></span> <span class='ocrx_word' id='word_1_773' title='bbox 1484 2526 1703 2607; x_wconf 43' lang='lat' dir='ltr'><strong>divertenlci}</strong></span> <span class='ocrx_word' id='word_1_774' title='bbox 1735 2529 1905 2578; x_wconf 78' lang='lat' dir='ltr'><strong>quartam</strong></span> <span class='ocrx_word' id='word_1_775' title='bbox 1962 2528 2077 2606; x_wconf 61' lang='lat' dir='ltr'><strong>artetm</strong></span> <span class='ocrx_word' id='word_1_776' title='bbox 2099 2523 2435 2605; x_wconf 40' lang='lat' dir='ltr'><strong>sugebsqbstanssiae</strong></span> 
     </span>
     <span class='ocr_line' id='line_1_55' title="bbox 214 2571 2436 2668; baseline 0.001 -22"><span class='ocrx_word' id='word_1_777' title='bbox 214 2573 705 2665; x_wconf 41' lang='lat' dir='ltr'><strong>{strinxisti-Ptin</strong></span> <span class='ocrx_word' id='word_1_778' title='bbox 733 2571 1487 2666; x_wconf 42' lang='lat' dir='ltr'><strong>attestata-²22waifarii?</strong></span> <span class='ocrx_word' id='word_1_779' title='bbox 1509 2575 1858 2668; x_wconf 48' lang='grc' dir='ltr'><strong><em>ἔὲΐῖῗιηᾷξῗιίὲῗ</em></strong></span> <span class='ocrx_word' id='word_1_780' title='bbox 1881 2581 1925 2650; x_wconf 71' lang='grc' dir='ltr'><strong>ῗῖἴ</strong></span> <span class='ocrx_word' id='word_1_781' title='bbox 1943 2573 2120 2668; x_wconf 49' lang='grc' dir='ltr'><strong>332ἶῖλῖἰέ</strong></span> <span class='ocrx_word' id='word_1_782' title='bbox 2141 2578 2436 2666; x_wconf 47' lang='lat' dir='ltr'><strong>&amp;essf-²523</strong></span> 
     </span>
    </p>

    <p class='ocr_par' dir='ltr' id='par_1_5' title="bbox 211 2657 2436 2978">
     <span class='ocr_line' id='line_1_56' title="bbox 241 2657 2435 2714; baseline 0.001 -23"><span class='ocrx_word' id='word_1_783' title='bbox 241 2660 401 2692; x_wconf 77' lang='lat' dir='ltr'><strong>uantuas</strong></span> <span class='ocrx_word' id='word_1_784' title='bbox 429 2657 551 2703; x_wconf 77' lang='lat' dir='ltr'><strong>efficit.</strong></span> <span class='ocrx_word' id='word_1_785' title='bbox 607 2657 741 2700; x_wconf 70' lang='lat' dir='ltr'><strong>Quodsi</strong></span> <span class='ocrx_word' id='word_1_786' title='bbox 773 2663 880 2694; x_wconf 74' lang='lat' dir='ltr'><strong>etiam</strong></span> <span class='ocrx_word' id='word_1_787' title='bbox 912 2661 1124 2706; x_wconf 84' lang='lat' dir='ltr'><strong>ampliorem</strong></span> <span class='ocrx_word' id='word_1_788' title='bbox 1154 2662 1250 2697; x_wconf 85' lang='lat' dir='ltr'><strong>dicta</strong></span> <span class='ocrx_word' id='word_1_789' title='bbox 1278 2662 1481 2708; x_wconf 79' lang='lat' dir='ltr'><strong>quantitate</strong></span> <span class='ocrx_word' id='word_1_790' title='bbox 1507 2661 1858 2714; x_wconf 76' lang='lat' dir='ltr'><strong>quadrznqentarum</strong></span> <span class='ocrx_word' id='word_1_791' title='bbox 1890 2668 1973 2696; x_wconf 75' lang='lat' dir='ltr'><strong>auri</strong></span> <span class='ocrx_word' id='word_1_792' title='bbox 2000 2658 2174 2695; x_wconf 74' lang='lat' dir='ltr'><strong>librarum</strong></span> <span class='ocrx_word' id='word_1_793' title='bbox 2196 2657 2435 2694; x_wconf 69' lang='lat' dir='ltr'><strong>substanttam</strong></span> 
     </span>
     <span class='ocr_line' id='line_1_57' title="bbox 216 2668 2436 2755; baseline 0.001 -20"><span class='ocrx_word' id='word_1_794' title='bbox 216 2668 357 2743; x_wconf 58' lang='grc' dir='ltr'><strong><em>λοῦσαι,</em></strong></span> <span class='ocrx_word' id='word_1_795' title='bbox 379 2712 452 2736; x_wconf 82' lang='lat' dir='ltr'><strong>non</strong></span> <span class='ocrx_word' id='word_1_796' title='bbox 469 2702 558 2748; x_wconf 85' lang='lat' dir='ltr'><strong>plus</strong></span> <span class='ocrx_word' id='word_1_797' title='bbox 577 2709 716 2738; x_wconf 81' lang='lat' dir='ltr'><strong>centum</strong></span> <span class='ocrx_word' id='word_1_798' title='bbox 740 2703 824 2739; x_wconf 83' lang='lat' dir='ltr'><strong>auri</strong></span> <span class='ocrx_word' id='word_1_799' title='bbox 843 2703 945 2739; x_wconf 83' lang='lat' dir='ltr'><strong>libris</strong></span> <span class='ocrx_word' id='word_1_800' title='bbox 967 2706 1143 2741; x_wconf 86' lang='lat' dir='ltr'><strong>multetur.</strong></span> <span class='ocrx_word' id='word_1_801' title='bbox 1195 2705 1338 2742; x_wconf 86' lang='lat' dir='ltr'><strong>Etenim</strong></span> <span class='ocrx_word' id='word_1_802' title='bbox 1358 2706 1409 2742; x_wconf 86' lang='lat' dir='ltr'><strong>ad</strong></span> <span class='ocrx_word' id='word_1_803' title='bbox 1423 2717 1621 2743; x_wconf 65' lang='lat' dir='ltr'><strong>mammam</strong></span> <span class='ocrx_word' id='word_1_804' title='bbox 1669 2717 1738 2742; x_wconf 88' lang='lat' dir='ltr'><strong>uae</strong></span> <span class='ocrx_word' id='word_1_805' title='bbox 1750 2705 1967 2753; x_wconf 82' lang='lat' dir='ltr'><strong>plerumque</strong></span> <span class='ocrx_word' id='word_1_806' title='bbox 1988 2706 2042 2740; x_wconf 88' lang='lat' dir='ltr'><strong>est</strong></span> <span class='ocrx_word' id='word_1_807' title='bbox 2064 2702 2183 2755; x_wconf 72' lang='lat' dir='ltr'><strong>dotem</strong></span> <span class='ocrx_word' id='word_1_808' title='bbox 2202 2702 2436 2750; x_wconf 78' lang='lat' dir='ltr'><strong>respicientes</strong></span> 
     </span>
     <span class='ocr_line' id='line_1_58' title="bbox 217 2717 2436 2800; baseline 0.001 -19"><span class='ocrx_word' id='word_1_809' title='bbox 217 2746 311 2782; x_wconf 76' lang='lat' dir='ltr'><strong>liano</strong></span> <span class='ocrx_word' id='word_1_810' title='bbox 341 2746 374 2781; x_wconf 88' lang='lat' dir='ltr'><strong>le</strong></span> <span class='ocrx_word' id='word_1_811' title='bbox 399 2757 453 2782; x_wconf 91' lang='lat' dir='ltr'><strong>em</strong></span> <span class='ocrx_word' id='word_1_812' title='bbox 483 2748 777 2799; x_wconf 77' lang='lat' dir='ltr'><strong>conscripsimuS‚</strong></span> <span class='ocrx_word' id='word_1_813' title='bbox 812 2748 1050 2785; x_wconf 83' lang='lat' dir='ltr'><strong>substantiam</strong></span> <span class='ocrx_word' id='word_1_814' title='bbox 1080 2751 1248 2786; x_wconf 88' lang='lat' dir='ltr'><strong>nimirum</strong></span> <span class='ocrx_word' id='word_1_815' title='bbox 1278 2751 1378 2787; x_wconf 85' lang='lat' dir='ltr'><strong>illam</strong></span> <span class='ocrx_word' id='word_1_816' title='bbox 1408 2751 1603 2787; x_wconf 82' lang='lat' dir='ltr'><strong>secundum</strong></span> <span class='ocrx_word' id='word_1_817' title='bbox 1639 2717 1736 2798; x_wconf 57' lang='lat' dir='ltr'><strong>Ziqes</strong></span> <span class='ocrx_word' id='word_1_818' title='bbox 1770 2753 1918 2786; x_wconf 84' lang='lat' dir='ltr'><strong>nostras</strong></span> <span class='ocrx_word' id='word_1_819' title='bbox 1952 2759 2030 2797; x_wconf 81' lang='lat' dir='ltr'><strong>esse</strong></span> <span class='ocrx_word' id='word_1_820' title='bbox 2055 2752 2149 2800; x_wconf 64' lang='lat' dir='ltr'><strong>raa,</strong></span> <span class='ocrx_word' id='word_1_821' title='bbox 2191 2757 2436 2800; x_wconf 73' lang='lat' dir='ltr'><strong>quaecumque</strong></span> 
     </span>
     <span class='ocr_line' id='line_1_59' title="bbox 211 2791 2436 2845; baseline 0.001 -20"><span class='ocrx_word' id='word_1_822' title='bbox 211 2802 312 2838; x_wconf 86' lang='lat' dir='ltr'><strong>pura</strong></span> <span class='ocrx_word' id='word_1_823' title='bbox 417 2802 500 2842; x_wconf 75' lang='lat' dir='ltr'><strong>aere</strong></span> <span class='ocrx_word' id='word_1_824' title='bbox 532 2792 649 2827; x_wconf 75' lang='lat' dir='ltr'><strong>alieno</strong></span> <span class='ocrx_word' id='word_1_825' title='bbox 680 2796 867 2839; x_wconf 87' lang='lat' dir='ltr'><strong>appareat.</strong></span> <span class='ocrx_word' id='word_1_826' title='bbox 921 2795 1040 2840; x_wconf 85' lang='lat' dir='ltr'><strong>Atque</strong></span> <span class='ocrx_word' id='word_1_827' title='bbox 1070 2796 1167 2831; x_wconf 87' lang='lat' dir='ltr'><strong>ratio</strong></span> <span class='ocrx_word' id='word_1_828' title='bbox 1191 2807 1240 2832; x_wconf 79' lang='lat' dir='ltr'><strong>ex</strong></span> <span class='ocrx_word' id='word_1_829' title='bbox 1271 2796 1396 2832; x_wconf 76' lang='lat' dir='ltr'><strong>iisdem</strong></span> <span class='ocrx_word' id='word_1_830' title='bbox 1420 2797 1541 2832; x_wconf 86' lang='lat' dir='ltr'><strong>causis</strong></span> <span class='ocrx_word' id='word_1_831' title='bbox 1563 2807 1583 2832; x_wconf 88' lang='lat' dir='ltr'><strong>e</strong></span> <span class='ocrx_word' id='word_1_832' title='bbox 1611 2796 1796 2832; x_wconf 87' lang='lat' dir='ltr'><strong>contrario</strong></span> <span class='ocrx_word' id='word_1_833' title='bbox 1813 2794 2014 2842; x_wconf 85' lang='lat' dir='ltr'><strong>procedat,</strong></span> <span class='ocrx_word' id='word_1_834' title='bbox 2047 2796 2084 2830; x_wconf 87' lang='lat' dir='ltr'><strong>et</strong></span> <span class='ocrx_word' id='word_1_835' title='bbox 2109 2803 2141 2828; x_wconf 74' lang='lat' dir='ltr'><strong>st</strong></span> <span class='ocrx_word' id='word_1_836' title='bbox 2172 2792 2302 2845; x_wconf 69' lang='lat' dir='ltr'><strong>mulier</strong></span> <span class='ocrx_word' id='word_1_837' title='bbox 2331 2791 2436 2845; x_wconf 52' lang='lat' dir='ltr'><strong>uncio:</strong></span> 
     </span>
     <span class='ocr_line' id='line_1_60' title="bbox 219 2835 2435 2886; baseline 0 -15"><span class='ocrx_word' id='word_1_838' title='bbox 219 2839 295 2871; x_wconf 84' lang='lat' dir='ltr'><strong>tata</strong></span> <span class='ocrx_word' id='word_1_839' title='bbox 326 2838 522 2870; x_wconf 73' lang='lat' dir='ltr'><strong>constituta</strong></span> <span class='ocrx_word' id='word_1_840' title='bbox 557 2836 600 2871; x_wconf 93' lang='lat' dir='ltr'><strong>ob</strong></span> <span class='ocrx_word' id='word_1_841' title='bbox 630 2837 818 2883; x_wconf 86' lang='lat' dir='ltr'><strong>propriam</strong></span> <span class='ocrx_word' id='word_1_842' title='bbox 849 2837 992 2884; x_wconf 84' lang='lat' dir='ltr'><strong>culpam</strong></span> <span class='ocrx_word' id='word_1_843' title='bbox 1018 2851 1041 2874; x_wconf 92' lang='lat' dir='ltr'><strong>a</strong></span> <span class='ocrx_word' id='word_1_844' title='bbox 1071 2840 1149 2876; x_wconf 86' lang='lat' dir='ltr'><strong>viro</strong></span> <span class='ocrx_word' id='word_1_845' title='bbox 1181 2841 1383 2884; x_wconf 85' lang='lat' dir='ltr'><strong>diverterit,</strong></span> <span class='ocrx_word' id='word_1_846' title='bbox 1419 2842 1475 2877; x_wconf 81' lang='lat' dir='ltr'><strong>vel</strong></span> <span class='ocrx_word' id='word_1_847' title='bbox 1505 2842 1613 2877; x_wconf 88' lang='lat' dir='ltr'><strong>etiam</strong></span> <span class='ocrx_word' id='word_1_848' title='bbox 1641 2841 1720 2877; x_wconf 90' lang='lat' dir='ltr'><strong>sine</strong></span> <span class='ocrx_word' id='word_1_849' title='bbox 1750 2840 1847 2876; x_wconf 86' lang='lat' dir='ltr'><strong>iusta</strong></span> <span class='ocrx_word' id='word_1_850' title='bbox 1876 2839 2001 2886; x_wconf 87' lang='lat' dir='ltr'><strong>aliqua</strong></span> <span class='ocrx_word' id='word_1_851' title='bbox 2031 2848 2144 2874; x_wconf 82' lang='lat' dir='ltr'><strong>causa</strong></span> <span class='ocrx_word' id='word_1_852' title='bbox 2166 2837 2358 2885; x_wconf 73' lang='lat' dir='ltr'><strong>repudium</strong></span> <span class='ocrx_word' id='word_1_853' title='bbox 2380 2835 2435 2872; x_wconf 70' lang='lat' dir='ltr'><strong>nn·</strong></span> 
     </span>
     <span class='ocr_line' id='line_1_61' title="bbox 217 2879 2427 2933; baseline 0.001 -18"><span class='ocrx_word' id='word_1_854' title='bbox 217 2880 373 2922; x_wconf 84' lang='lat' dir='ltr'><strong>miserit,</strong></span> <span class='ocrx_word' id='word_1_855' title='bbox 404 2879 530 2915; x_wconf 84' lang='lat' dir='ltr'><strong>iisdem</strong></span> <span class='ocrx_word' id='word_1_856' title='bbox 551 2892 620 2927; x_wconf 87' lang='lat' dir='ltr'><strong>per</strong></span> <span class='ocrx_word' id='word_1_857' title='bbox 642 2882 761 2916; x_wconf 88' lang='lat' dir='ltr'><strong>omnia</strong></span> <span class='ocrx_word' id='word_1_858' title='bbox 784 2882 969 2918; x_wconf 87' lang='lat' dir='ltr'><strong>subiaceat</strong></span> <span class='ocrx_word' id='word_1_859' title='bbox 988 2885 1127 2930; x_wconf 89' lang='lat' dir='ltr'><strong>poenis.</strong></span> <span class='ocrx_word' id='word_1_860' title='bbox 1187 2884 1239 2921; x_wconf 87' lang='lat' dir='ltr'><strong>Et</strong></span> <span class='ocrx_word' id='word_1_861' title='bbox 1260 2885 1435 2931; x_wconf 82' lang='lat' dir='ltr'><strong>siquidem</strong></span> <span class='ocrx_word' id='word_1_862' title='bbox 1455 2897 1526 2933; x_wconf 87' lang='lat' dir='ltr'><strong>per</strong></span> <span class='ocrx_word' id='word_1_863' title='bbox 1548 2885 1710 2922; x_wconf 84' lang='lat' dir='ltr'><strong>mulieris</strong></span> <span class='ocrx_word' id='word_1_864' title='bbox 1740 2885 1885 2933; x_wconf 86' lang='lat' dir='ltr'><strong>culpam</strong></span> <span class='ocrx_word' id='word_1_865' title='bbox 1907 2882 2176 2920; x_wconf 83' lang='lat' dir='ltr'><strong>matrimonium</strong></span> <span class='ocrx_word' id='word_1_866' title='bbox 2198 2881 2355 2918; x_wconf 81' lang='lat' dir='ltr'><strong>solutum</strong></span> <span class='ocrx_word' id='word_1_867' title='bbox 2376 2881 2427 2918; x_wconf 79' lang='lat' dir='ltr'><strong>sit</strong></span> 
     </span>
     <span class='ocr_line' id='line_1_62' title="bbox 217 2925 2424 2978; baseline 0.001 -17"><span class='ocrx_word' id='word_1_868' title='bbox 217 2925 498 2972; x_wconf 82' lang='lat' dir='ltr'><strong>quinquennium</strong></span> <span class='ocrx_word' id='word_1_869' title='bbox 525 2925 666 2960; x_wconf 87' lang='lat' dir='ltr'><strong>mulieri</strong></span> <span class='ocrx_word' id='word_1_870' title='bbox 694 2926 964 2961; x_wconf 82' lang='lat' dir='ltr'><strong>custodiendum</strong></span> <span class='ocrx_word' id='word_1_871' title='bbox 994 2929 1210 2975; x_wconf 87' lang='lat' dir='ltr'><strong>priusquam</strong></span> <span class='ocrx_word' id='word_1_872' title='bbox 1240 2930 1290 2966; x_wconf 89' lang='lat' dir='ltr'><strong>ad</strong></span> <span class='ocrx_word' id='word_1_873' title='bbox 1318 2931 1497 2966; x_wconf 82' lang='lat' dir='ltr'><strong>secundas</strong></span> <span class='ocrx_word' id='word_1_874' title='bbox 1529 2930 1651 2968; x_wconf 82' lang='lat' dir='ltr'><strong>veniat</strong></span> <span class='ocrx_word' id='word_1_875' title='bbox 1671 2930 1820 2978; x_wconf 86' lang='lat' dir='ltr'><strong>nuptias</strong></span> <span class='ocrx_word' id='word_1_876' title='bbox 1826 2942 1842 2972; x_wconf 92' lang='lat'><em>;</em></span> <span class='ocrx_word' id='word_1_877' title='bbox 1874 2929 1932 2965; x_wconf 90' lang='lat' dir='ltr'><strong>sin</strong></span> <span class='ocrx_word' id='word_1_878' title='bbox 1948 2939 2023 2976; x_wconf 87' lang='lat' dir='ltr'><strong>per</strong></span> <span class='ocrx_word' id='word_1_879' title='bbox 2045 2927 2107 2964; x_wconf 82' lang='lat' dir='ltr'><strong>cul</strong></span> <span class='ocrx_word' id='word_1_880' title='bbox 2131 2937 2190 2962; x_wconf 88' lang='lat' dir='ltr'><strong>am</strong></span> <span class='ocrx_word' id='word_1_881' title='bbox 2210 2927 2350 2970; x_wconf 84' lang='lat' dir='ltr'><strong>mariti,</strong></span> <span class='ocrx_word' id='word_1_882' title='bbox 2380 2936 2424 2963; x_wconf 82' lang='lat' dir='ltr'><strong>ve</strong></span> 
     </span>
    </p>
   </div>
   <div class='ocr_carea' id='block_1_5' title="bbox 217 2969 2437 3060">
    <p class='ocr_par' dir='ltr' id='par_1_6' title="bbox 217 2969 2437 3060">
     <span class='ocr_line' id='line_1_63' title="bbox 218 2969 2437 3024; baseline 0 -17"><span class='ocrx_word' id='word_1_883' title='bbox 218 2971 326 3022; x_wconf 81' lang='lat' dir='ltr'><strong>etiam</strong></span> <span class='ocrx_word' id='word_1_884' title='bbox 336 2971 380 3021; x_wconf 37' lang='lat' dir='ltr'><strong>,si</strong></span> <span class='ocrx_word' id='word_1_885' title='bbox 391 2970 485 3006; x_wconf 86' lang='lat' dir='ltr'><strong>bona</strong></span> <span class='ocrx_word' id='word_1_886' title='bbox 500 2970 622 3021; x_wconf 64' lang='lat' dir='ltr'><strong>qratia</strong></span> <span class='ocrx_word' id='word_1_887' title='bbox 648 2969 859 3005; x_wconf 83' lang='lat' dir='ltr'><strong>dissolutum</strong></span> <span class='ocrx_word' id='word_1_888' title='bbox 882 2971 931 3023; x_wconf 75' lang='lat' dir='ltr'><strong>sit</strong></span> <span class='ocrx_word' id='word_1_889' title='bbox 957 2973 1117 3018; x_wconf 88' lang='lat' dir='ltr'><strong>(pariter</strong></span> <span class='ocrx_word' id='word_1_890' title='bbox 1141 2975 1234 3009; x_wconf 87' lang='lat' dir='ltr'><strong>enim</strong></span> <span class='ocrx_word' id='word_1_891' title='bbox 1259 2975 1309 3010; x_wconf 85' lang='lat' dir='ltr'><strong>ad</strong></span> <span class='ocrx_word' id='word_1_892' title='bbox 1338 2975 1408 3011; x_wconf 77' lang='lat' dir='ltr'><strong>hoc</strong></span> <span class='ocrx_word' id='word_1_893' title='bbox 1433 2986 1578 3023; x_wconf 88' lang='lat' dir='ltr'><strong>quoque</strong></span> <span class='ocrx_word' id='word_1_894' title='bbox 1603 2976 1793 3024; x_wconf 84' lang='lat' dir='ltr'><strong>pertinet),</strong></span> <span class='ocrx_word' id='word_1_895' title='bbox 1826 2985 1961 3011; x_wconf 86' lang='lat' dir='ltr'><strong>annum</strong></span> <span class='ocrx_word' id='word_1_896' title='bbox 1982 2977 2083 3010; x_wconf 88' lang='lat' dir='ltr'><strong>custo</strong></span> <span class='ocrx_word' id='word_1_897' title='bbox 2110 2973 2165 3008; x_wconf 74' lang='lat' dir='ltr'><strong>iat</strong></span> <span class='ocrx_word' id='word_1_898' title='bbox 2181 2971 2232 3009; x_wconf 84' lang='lat' dir='ltr'><strong>ad</strong></span> <span class='ocrx_word' id='word_1_899' title='bbox 2253 2970 2437 3009; x_wconf 83' lang='lat' dir='ltr'><strong>vitandam</strong></span> 
     </span>
     <span class='ocr_line' id='line_1_64' title="bbox 217 3015 1414 3060; baseline 0.004 -9"><span class='ocrx_word' id='word_1_900' title='bbox 217 3024 362 3051; x_wconf 71' lang='lat' dir='ltr'><strong>seminis</strong></span> <span class='ocrx_word' id='word_1_901' title='bbox 385 3015 646 3059; x_wconf 70' lang='lat' dir='ltr'><strong>confusionem,</strong></span> <span class='ocrx_word' id='word_1_902' title='bbox 668 3019 709 3049; x_wconf 89' lang='lat' dir='ltr'><strong>ut</strong></span> <span class='ocrx_word' id='word_1_903' title='bbox 726 3026 796 3060; x_wconf 87' lang='lat' dir='ltr'><strong>per</strong></span> <span class='ocrx_word' id='word_1_904' title='bbox 819 3026 939 3050; x_wconf 86' lang='lat' dir='ltr'><strong>omma</strong></span> <span class='ocrx_word' id='word_1_905' title='bbox 962 3017 1065 3052; x_wconf 88' lang='lat' dir='ltr'><strong>nobis</strong></span> <span class='ocrx_word' id='word_1_906' title='bbox 1088 3017 1151 3054; x_wconf 78' lang='lat' dir='ltr'><strong>lea:</strong></span> <span class='ocrx_word' id='word_1_907' title='bbox 1171 3019 1338 3055; x_wconf 85' lang='lat' dir='ltr'><strong>absoluta</strong></span> <span class='ocrx_word' id='word_1_908' title='bbox 1357 3020 1414 3056; x_wconf 85' lang='lat' dir='ltr'><strong>sit.</strong></span> 
     </span>
    </p>
   </div>
   <div class='ocr_carea' id='block_1_6' title="bbox 218 3145 2431 3317">
    <p class='ocr_par' dir='ltr' id='par_1_7' title="bbox 218 3145 2431 3317">
     <span class='ocr_line' id='line_1_65' title="bbox 263 3145 2431 3241; baseline -0.001 -54"><span class='ocrx_word' id='word_1_909' title='bbox 263 3156 280 3187; x_wconf 79' lang='lat'><strong>7</strong></span> <span class='ocrx_word' id='word_1_910' title='bbox 307 3148 474 3191; x_wconf 76' lang='grc' dir='ltr'><strong><em>διάταξιν</em></strong></span> <span class='ocrx_word' id='word_1_911' title='bbox 494 3145 712 3196; x_wconf 73' lang='grc' dir='ltr'><strong><em>ἐγράψαμεν]</em></strong></span> <span class='ocrx_word' id='word_1_912' title='bbox 734 3150 985 3202; x_wconf 52' lang='lat' dir='ltr'><strong>Cod.&#39;5‚17,11ss</strong></span> <span class='ocrx_word' id='word_1_913' title='bbox 1009 3153 1046 3185; x_wconf 87' lang='grc'><strong>15</strong></span> <span class='ocrx_word' id='word_1_914' title='bbox 1067 3147 1107 3185; x_wconf 79' lang='grc' dir='ltr'><strong><em>ἅς</em></strong></span> <span class='ocrx_word' id='word_1_915' title='bbox 1125 3163 1165 3185; x_wconf 80' lang='grc' dir='ltr'><strong>τε</strong></span> <span class='ocrx_word' id='word_1_916' title='bbox 1184 3149 1290 3195; x_wconf 83' lang='grc' dir='ltr'><strong><em>ἡμεῖς]</em></strong></span> <span class='ocrx_word' id='word_1_917' title='bbox 1369 3155 1426 3200; x_wconf 75' lang='lat' dir='ltr'><strong>Vn</strong></span> <span class='ocrx_word' id='word_1_918' title='bbox 1442 3166 1589 3198; x_wconf 88' lang='lat' dir='ltr'><strong>quasque</strong></span> <span class='ocrx_word' id='word_1_919' title='bbox 1609 3155 1814 3189; x_wconf 62' lang='lat' dir='ltr'><strong>Theodosius</strong></span> <span class='ocrx_word' id='word_1_920' title='bbox 1837 3167 1897 3190; x_wconf 88' lang='lat' dir='ltr'><strong>om.</strong></span> <span class='ocrx_word' id='word_1_921' title='bbox 1922 3152 2002 3198; x_wconf 66' lang='lat' dir='ltr'><strong>13¹ss</strong></span> <span class='ocrx_word' id='word_1_922' title='bbox 2030 3155 2071 3188; x_wconf 79' lang='lat'><strong>16</strong></span> <span class='ocrx_word' id='word_1_923' title='bbox 2095 3154 2179 3193; x_wconf 81' lang='lat' dir='ltr'><strong>eam]</strong></span> <span class='ocrx_word' id='word_1_924' title='bbox 2203 3154 2236 3185; x_wconf 89' lang='lat' dir='ltr'><strong>et</strong></span> <span class='ocrx_word' id='word_1_925' title='bbox 2260 3161 2331 3185; x_wconf 86' lang='lat' dir='ltr'><strong>eam</strong></span> <span class='ocrx_word' id='word_1_926' title='bbox 2355 3150 2402 3185; x_wconf 61' lang='grc' dir='ltr'><strong>Β*</strong></span> <span class='ocrx_word' id='word_1_927' title='bbox 2425 3150 2431 3241; x_wconf 78' lang='grc' dir='ltr'>Ι</span> 
     </span>
     <span class='ocr_line' id='line_1_66' title="bbox 218 3192 2408 3317; baseline -0 -86"><span class='ocrx_word' id='word_1_928' title='bbox 218 3193 314 3231; x_wconf 76' lang='grc' dir='ltr'><strong><em>ὥστε</em></strong></span> <span class='ocrx_word' id='word_1_929' title='bbox 343 3192 440 3250; x_wconf 64' lang='grc' dir='ltr'><strong><em>ἡμεῖς</em></strong></span> <span class='ocrx_word' id='word_1_930' title='bbox 460 3196 512 3248; x_wconf 52' lang='grc' dir='ltr'><strong>Μ’</strong></span> <span class='ocrx_word' id='word_1_931' title='bbox 527 3195 540 3239; x_wconf 88' lang='grc' dir='ltr'><strong>ΙΙ</strong></span> <span class='ocrx_word' id='word_1_932' title='bbox 574 3197 610 3228; x_wconf 84' lang='grc' dir='ltr'><strong>Π</strong></span> <span class='ocrx_word' id='word_1_933' title='bbox 637 3195 695 3238; x_wconf 73' lang='lat' dir='ltr'><strong>leq.</strong></span> <span class='ocrx_word' id='word_1_934' title='bbox 722 3205 887 3246; x_wconf 85' lang='grc' dir='ltr'><strong><em>παρασχῃ</em></strong></span> <span class='ocrx_word' id='word_1_935' title='bbox 909 3194 939 3317; x_wconf 49' lang='lat' dir='ltr'>h</span> <span class='ocrx_word' id='word_1_936' title='bbox 958 3197 996 3229; x_wconf 84' lang='lat'><strong>21</strong></span> <span class='ocrx_word' id='word_1_937' title='bbox 1033 3193 1182 3240; x_wconf 79' lang='grc' dir='ltr'><strong><em>*λίτρας</em></strong></span> <span class='ocrx_word' id='word_1_938' title='bbox 1208 3198 1252 3231; x_wconf 87' lang='lat' dir='ltr'><em>M</em></span> <span class='ocrx_word' id='word_1_939' title='bbox 1281 3199 1292 3242; x_wconf 80' lang='grc' dir='ltr'><strong>ΙΙ</strong></span> <span class='ocrx_word' id='word_1_940' title='bbox 1364 3203 1402 3234; x_wconf 80' lang='lat'><strong>17</strong></span> <span class='ocrx_word' id='word_1_941' title='bbox 1413 3213 1461 3243; x_wconf 75' lang='lat' dir='ltr'><strong>sq.</strong></span> <span class='ocrx_word' id='word_1_942' title='bbox 1486 3204 1525 3234; x_wconf 87' lang='lat' dir='ltr'><strong>ut</strong></span> <span class='ocrx_word' id='word_1_943' title='bbox 1547 3202 1692 3244; x_wconf 85' lang='lat' dir='ltr'><strong>praestet</strong></span> <span class='ocrx_word' id='word_1_944' title='bbox 1708 3200 1758 3234; x_wconf 80' lang='lat'><strong>1⁷¹</strong></span> <span class='ocrx_word' id='word_1_945' title='bbox 1773 3199 1786 3245; x_wconf 85' lang='grc' dir='ltr'><strong>ΙΙ</strong></span> <span class='ocrx_word' id='word_1_946' title='bbox 1805 3202 1848 3234; x_wconf 87' lang='grc'><strong>20</strong></span> <span class='ocrx_word' id='word_1_947' title='bbox 1872 3197 2289 3274; x_wconf 51' lang='lat' dir='ltr'><strong>quadrigentasRVTugd.</strong></span> <span class='ocrx_word' id='word_1_948' title='bbox 2305 3197 2408 3240; x_wconf 74' lang='lat' dir='ltr'><strong>inst-a)</strong></span> 
     </span>
    </p>
   </div>
   <div class='ocr_carea' id='block_1_7' title="bbox 2432 3149 2439 3241">
    <p class='ocr_par' dir='ltr' id='par_1_8' title="bbox 2432 3149 2439 3241">
     <span class='ocr_line' id='line_1_67' title="bbox 2432 3149 2439 3241; baseline 0 0"><span class='ocrx_word' id='word_1_949' title='bbox 2432 3149 2439 3241; x_wconf 95' lang='lat' dir='ltr'><strong> </strong></span> 
     </span>
    </p>
   </div>
   <div class='ocr_carea' id='block_1_8' title="bbox 217 3209 2438 3688">
    <p class='ocr_par' dir='ltr' id='par_1_9' title="bbox 217 3209 2438 3467">
     <span class='ocr_line' id='line_1_68' title="bbox 219 3209 2437 3296; baseline -0.001 -20"><span class='ocrx_word' id='word_1_950' title='bbox 219 3246 254 3276; x_wconf 79' lang='lat'><strong>:31</strong></span> <span class='ocrx_word' id='word_1_951' title='bbox 286 3241 324 3282; x_wconf 79' lang='grc' dir='ltr'><strong>ἐξ</strong></span> <span class='ocrx_word' id='word_1_952' title='bbox 343 3241 595 3295; x_wconf 63' lang='grc' dir='ltr'><strong><em>αντιστροφου]</em></strong></span> <span class='ocrx_word' id='word_1_953' title='bbox 618 3250 678 3283; x_wconf 85' lang='lat' dir='ltr'><strong>pro</strong></span> <span class='ocrx_word' id='word_1_954' title='bbox 702 3243 856 3290; x_wconf 71' lang='lat' dir='ltr'><strong>cautione</strong></span> <span class='ocrx_word' id='word_1_955' title='bbox 880 3252 899 3275; x_wconf 84' lang='grc' dir='ltr'><strong><em>ς</em></strong></span> <span class='ocrx_word' id='word_1_956' title='bbox 954 3242 996 3273; x_wconf 90' lang='grc'><strong>33</strong></span> <span class='ocrx_word' id='word_1_957' title='bbox 1020 3238 1291 3294; x_wconf 51' lang='grc' dir='ltr'><strong><em>*ἀποζωρήοειε</em></strong></span> <span class='ocrx_word' id='word_1_958' title='bbox 1362 3246 1404 3278; x_wconf 86' lang='grc'><strong>22</strong></span> <span class='ocrx_word' id='word_1_959' title='bbox 1430 3248 1580 3286; x_wconf 84' lang='lat' dir='ltr'><strong>quartam</strong></span> <span class='ocrx_word' id='word_1_960' title='bbox 1604 3246 1739 3287; x_wconf 86' lang='lat' dir='ltr'><strong>quidem</strong></span> <span class='ocrx_word' id='word_1_961' title='bbox 1762 3244 1965 3278; x_wconf 86' lang='lat' dir='ltr'><strong>substantiae</strong></span> <span class='ocrx_word' id='word_1_962' title='bbox 1981 3245 2115 3296; x_wconf 38' lang='lat' dir='ltr'><strong>‚partem</strong></span> <span class='ocrx_word' id='word_1_963' title='bbox 2130 3239 2194 3286; x_wconf 80' lang='grc' dir='ltr'><strong>ΒΙΙ</strong></span> <span class='ocrx_word' id='word_1_964' title='bbox 2245 3209 2255 3230; x_wconf 57' lang='lat'><strong>¹</strong></span> <span class='ocrx_word' id='word_1_965' title='bbox 2274 3242 2356 3293; x_wconf 47' lang='lat' dir='ltr'><strong>hooJ·</strong></span> <span class='ocrx_word' id='word_1_966' title='bbox 2374 3241 2437 3293; x_wconf 62' lang='lat'><strong>¹¹⁸9</strong></span> 
     </span>
     <span class='ocr_line' id='line_1_69' title="bbox 219 3283 2438 3333; baseline -0.001 -13"><span class='ocrx_word' id='word_1_967' title='bbox 219 3289 273 3330; x_wconf 83' lang='lat' dir='ltr'><strong>(cs.</strong></span> <span class='ocrx_word' id='word_1_968' title='bbox 293 3288 336 3329; x_wconf 81' lang='grc' dir='ltr'><strong>ς)]</strong></span> <span class='ocrx_word' id='word_1_969' title='bbox 356 3284 583 3329; x_wconf 74' lang='grc' dir='ltr'><strong><em>ἀποχωρησιι</em></strong></span> <span class='ocrx_word' id='word_1_970' title='bbox 607 3285 653 3318; x_wconf 87' lang='grc' dir='ltr'><strong>Μ</strong></span> <span class='ocrx_word' id='word_1_971' title='bbox 663 3283 676 3328; x_wconf 83' lang='grc' dir='ltr'>Ι</span> <span class='ocrx_word' id='word_1_972' title='bbox 693 3286 734 3318; x_wconf 83' lang='grc'><strong>35</strong></span> <span class='ocrx_word' id='word_1_973' title='bbox 759 3286 907 3317; x_wconf 81' lang='grc' dir='ltr'><strong><em>υποκείσ</em></strong></span> <span class='ocrx_word' id='word_1_974' title='bbox 941 3296 970 3317; x_wconf 85' lang='grc' dir='ltr'><strong><em>ω</em></strong></span> <span class='ocrx_word' id='word_1_975' title='bbox 984 3285 1182 3326; x_wconf 67' lang='lat' dir='ltr'><strong>Zachariae]</strong></span> <span class='ocrx_word' id='word_1_976' title='bbox 1207 3298 1291 3319; x_wconf 87' lang='grc' dir='ltr'><strong><em>υπο-</em></strong></span> <span class='ocrx_word' id='word_1_977' title='bbox 1361 3289 1446 3332; x_wconf 79' lang='lat' dir='ltr'><strong>vulq.</strong></span> <span class='ocrx_word' id='word_1_978' title='bbox 1466 3290 1478 3333; x_wconf 78' lang='lat' dir='ltr'>ss</span> <span class='ocrx_word' id='word_1_979' title='bbox 1502 3292 1544 3323; x_wconf 83' lang='lat'><strong>23</strong></span> <span class='ocrx_word' id='word_1_980' title='bbox 1569 3290 1681 3331; x_wconf 85' lang='lat' dir='ltr'><strong>etiam]</strong></span> <span class='ocrx_word' id='word_1_981' title='bbox 1706 3292 1739 3323; x_wconf 82' lang='lat' dir='ltr'><strong>et</strong></span> <span class='ocrx_word' id='word_1_982' title='bbox 1763 3290 1795 3323; x_wconf 87' lang='lat' dir='ltr'><em>R</em></span> <span class='ocrx_word' id='word_1_983' title='bbox 1816 3288 1830 3331; x_wconf 92' lang='grc' dir='ltr'><strong>ΙΙ</strong></span> <span class='ocrx_word' id='word_1_984' title='bbox 1859 3290 1903 3324; x_wconf 84' lang='grc'><strong>24</strong></span> <span class='ocrx_word' id='word_1_985' title='bbox 1925 3298 2084 3322; x_wconf 73' lang='lat' dir='ltr'><strong>malorem</strong></span> <span class='ocrx_word' id='word_1_986' title='bbox 2105 3305 2151 3312; x_wconf 94' lang='lat'>-</span> <span class='ocrx_word' id='word_1_987' title='bbox 2174 3288 2216 3321; x_wconf 86' lang='grc'><strong>25</strong></span> <span class='ocrx_word' id='word_1_988' title='bbox 2241 3286 2438 3328; x_wconf 68' lang='lat' dir='ltr'><strong>quantitatis</strong></span> 
     </span>
     <span class='ocr_line' id='line_1_70' title="bbox 218 3327 2438 3378; baseline 0 -14"><span class='ocrx_word' id='word_1_989' title='bbox 218 3331 364 3365; x_wconf 69' lang='grc' dir='ltr'><strong><em>κεῖσθαι</em></strong></span> <span class='ocrx_word' id='word_1_990' title='bbox 389 3331 435 3364; x_wconf 85' lang='grc' dir='ltr'><em>Μ</em></span> <span class='ocrx_word' id='word_1_991' title='bbox 457 3330 469 3374; x_wconf 83' lang='grc' dir='ltr'><strong>ΙΙ</strong></span> <span class='ocrx_word' id='word_1_992' title='bbox 497 3332 539 3364; x_wconf 85' lang='grc'><strong>39</strong></span> <span class='ocrx_word' id='word_1_993' title='bbox 568 3327 635 3375; x_wconf 80' lang='grc' dir='ltr'><strong>γὰρ</strong></span> <span class='ocrx_word' id='word_1_994' title='bbox 663 3341 722 3363; x_wconf 89' lang='lat' dir='ltr'><strong>om.</strong></span> <span class='ocrx_word' id='word_1_995' title='bbox 744 3340 763 3365; x_wconf 77' lang='grc' dir='ltr'><strong><em>ς</em></strong></span> <span class='ocrx_word' id='word_1_996' title='bbox 791 3327 804 3372; x_wconf 87' lang='grc' dir='ltr'><strong>ΙΙ</strong></span> <span class='ocrx_word' id='word_1_997' title='bbox 831 3341 874 3362; x_wconf 81' lang='lat' dir='ltr'><strong>an</strong></span> <span class='ocrx_word' id='word_1_998' title='bbox 901 3330 958 3372; x_wconf 75' lang='lat' dir='ltr'><strong>leq.</strong></span> <span class='ocrx_word' id='word_1_999' title='bbox 994 3327 1073 3361; x_wconf 82' lang='grc' dir='ltr'><strong><em>ἴσον</em></strong></span> <span class='ocrx_word' id='word_1_1000' title='bbox 1102 3329 1169 3374; x_wconf 86' lang='grc' dir='ltr'><strong>γὰρ</strong></span> <span class='ocrx_word' id='word_1_1001' title='bbox 1201 3330 1293 3364; x_wconf 85' lang='grc' dir='ltr'><strong><em>κατὰ</em></strong></span> <span class='ocrx_word' id='word_1_1002' title='bbox 1361 3335 1467 3376; x_wconf 77' lang='lat' dir='ltr'><strong>suppl.</strong></span> <span class='ocrx_word' id='word_1_1003' title='bbox 1490 3334 1540 3366; x_wconf 82' lang='lat' dir='ltr'><strong>V²</strong></span> <span class='ocrx_word' id='word_1_1004' title='bbox 1563 3336 1596 3368; x_wconf 82' lang='lat' dir='ltr'><strong>in</strong></span> <span class='ocrx_word' id='word_1_1005' title='bbox 1616 3342 1702 3378; x_wconf 86' lang='lat' dir='ltr'><strong>spat.</strong></span> <span class='ocrx_word' id='word_1_1006' title='bbox 1728 3347 1797 3369; x_wconf 81' lang='lat' dir='ltr'><strong>vae.</strong></span> <span class='ocrx_word' id='word_1_1007' title='bbox 1816 3334 1887 3378; x_wconf 83' lang='grc'><strong>1125</strong></span> <span class='ocrx_word' id='word_1_1008' title='bbox 1911 3333 2012 3367; x_wconf 85' lang='lat' dir='ltr'><strong>habet</strong></span> <span class='ocrx_word' id='word_1_1009' title='bbox 2032 3331 2089 3376; x_wconf 76' lang='grc' dir='ltr'>ῘΤΙΙ</span> <span class='ocrx_word' id='word_1_1010' title='bbox 2106 3333 2149 3366; x_wconf 82' lang='grc'><strong>26</strong></span> <span class='ocrx_word' id='word_1_1011' title='bbox 2173 3331 2248 3364; x_wconf 83' lang='lat' dir='ltr'><strong>auri</strong></span> <span class='ocrx_word' id='word_1_1012' title='bbox 2272 3343 2328 3365; x_wconf 88' lang='lat' dir='ltr'><strong>om.</strong></span> <span class='ocrx_word' id='word_1_1013' title='bbox 2352 3329 2404 3364; x_wconf 64' lang='grc' dir='ltr'><strong>Β*</strong></span> <span class='ocrx_word' id='word_1_1014' title='bbox 2424 3329 2438 3374; x_wconf 80' lang='grc' dir='ltr'><strong>ΙΙ</strong></span> 
     </span>
     <span class='ocr_line' id='line_1_71' title="bbox 217 3375 2437 3420; baseline -0.001 -10"><span class='ocrx_word' id='word_1_1015' title='bbox 217 3377 350 3410; x_wconf 62' lang='lat' dir='ltr'><strong>rouro?</strong></span> <span class='ocrx_word' id='word_1_1016' title='bbox 1363 3378 1638 3420; x_wconf 86' lang='lat' dir='ltr'><strong>dampnificentur</strong></span> <span class='ocrx_word' id='word_1_1017' title='bbox 1658 3379 1700 3412; x_wconf 86' lang='lat' dir='ltr'><strong>ad</strong></span> <span class='ocrx_word' id='word_1_1018' title='bbox 1723 3379 1779 3420; x_wconf 84' lang='lat' dir='ltr'><strong>(ad</strong></span> <span class='ocrx_word' id='word_1_1019' title='bbox 1803 3380 1864 3413; x_wconf 76' lang='lat' dir='ltr'><strong>del.</strong></span> <span class='ocrx_word' id='word_1_1020' title='bbox 1878 3378 1941 3419; x_wconf 65' lang='lat'><strong>13²)</strong></span> <span class='ocrx_word' id='word_1_1021' title='bbox 1965 3377 2062 3411; x_wconf 76' lang='lat' dir='ltr'><strong>libris</strong></span> <span class='ocrx_word' id='word_1_1022' title='bbox 2077 3377 2112 3410; x_wconf 84' lang='lat' dir='ltr'><em>R</em></span> <span class='ocrx_word' id='word_1_1023' title='bbox 2129 3375 2197 3418; x_wconf 69' lang='lat'><strong>{127</strong></span> <span class='ocrx_word' id='word_1_1024' title='bbox 2224 3376 2310 3408; x_wconf 85' lang='lat' dir='ltr'><strong>hane</strong></span> <span class='ocrx_word' id='word_1_1025' title='bbox 2334 3375 2437 3416; x_wconf 86' lang='lat' dir='ltr'><strong>(huno</strong></span> 
     </span>
     <span class='ocr_line' id='line_1_72' title="bbox 219 3419 2438 3467; baseline 0 -12"><span class='ocrx_word' id='word_1_1026' title='bbox 219 3436 1291 3447; x_wconf 72' lang='lat'><em>———————————-—-———</em></span> <span class='ocrx_word' id='word_1_1027' title='bbox 1362 3420 1426 3462; x_wconf 86' lang='lat' dir='ltr'><strong>R¹)</strong></span> <span class='ocrx_word' id='word_1_1028' title='bbox 1450 3422 1640 3464; x_wconf 83' lang='lat' dir='ltr'><strong>scripsimus</strong></span> <span class='ocrx_word' id='word_1_1029' title='bbox 1662 3423 1768 3466; x_wconf 87' lang='lat' dir='ltr'><strong>legem</strong></span> <span class='ocrx_word' id='word_1_1030' title='bbox 1781 3423 1815 3457; x_wconf 86' lang='lat' dir='ltr'><em>R</em></span> <span class='ocrx_word' id='word_1_1031' title='bbox 1833 3423 1845 3467; x_wconf 84' lang='grc' dir='ltr'><strong>ΙΙ</strong></span> <span class='ocrx_word' id='word_1_1032' title='bbox 1861 3425 1903 3458; x_wconf 87' lang='grc'><strong>28</strong></span> <span class='ocrx_word' id='word_1_1033' title='bbox 1928 3420 2097 3456; x_wconf 81' lang='lat' dir='ltr'><strong>seeundo?</strong></span> <span class='ocrx_word' id='word_1_1034' title='bbox 2119 3420 2168 3455; x_wconf 87' lang='lat' dir='ltr'><strong>V¹</strong></span> <span class='ocrx_word' id='word_1_1035' title='bbox 2185 3420 2198 3465; x_wconf 89' lang='grc' dir='ltr'><strong>ΙΙ</strong></span> <span class='ocrx_word' id='word_1_1036' title='bbox 2215 3421 2259 3454; x_wconf 83' lang='grc'><strong>29</strong></span> <span class='ocrx_word' id='word_1_1037' title='bbox 2278 3419 2438 3453; x_wconf 71' lang='lat' dir='ltr'><strong>uide-sn-</strong></span> 
     </span>
    </p>

    <p class='ocr_par' dir='ltr' id='par_1_10' title="bbox 220 3461 2409 3688">
     <span class='ocr_line' id='line_1_73' title="bbox 267 3461 2392 3520; baseline -0.004 -20"><span class='ocrx_word' id='word_1_1038' title='bbox 267 3470 282 3500; x_wconf 92' lang='lat'>1</span> <span class='ocrx_word' id='word_1_1039' title='bbox 317 3467 364 3508; x_wconf 85' lang='lat' dir='ltr'><strong>Si]</strong></span> <span class='ocrx_word' id='word_1_1040' title='bbox 390 3469 477 3518; x_wconf 42' lang='lat' dir='ltr'><strong>rubr..</strong></span> <span class='ocrx_word' id='word_1_1041' title='bbox 499 3466 548 3498; x_wconf 90' lang='lat' dir='ltr'><strong>De</strong></span> <span class='ocrx_word' id='word_1_1042' title='bbox 569 3464 697 3506; x_wconf 87' lang='lat' dir='ltr'><strong>nuptiis</strong></span> <span class='ocrx_word' id='word_1_1043' title='bbox 717 3463 788 3505; x_wconf 86' lang='lat' dir='ltr'><strong>sine</strong></span> <span class='ocrx_word' id='word_1_1044' title='bbox 820 3461 988 3495; x_wconf 88' lang='lat' dir='ltr'><strong>dotalibus</strong></span> <span class='ocrx_word' id='word_1_1045' title='bbox 1012 3463 1241 3496; x_wconf 82' lang='lat' dir='ltr'><strong>instrumentis</strong></span> <span class='ocrx_word' id='word_1_1046' title='bbox 1261 3465 1294 3497; x_wconf 81' lang='lat' dir='ltr'><em>R</em></span> <span class='ocrx_word' id='word_1_1047' title='bbox 1362 3466 1497 3517; x_wconf 44' lang='lat' dir='ltr'><strong>tur-V²</strong></span> <span class='ocrx_word' id='word_1_1048' title='bbox 1527 3467 1539 3509; x_wconf 82' lang='grc' dir='ltr'><strong>ΙΙ</strong></span> <span class='ocrx_word' id='word_1_1049' title='bbox 1567 3469 1609 3501; x_wconf 88' lang='lat'><strong>30</strong></span> <span class='ocrx_word' id='word_1_1050' title='bbox 1643 3478 1705 3520; x_wconf 51' lang='lat' dir='ltr'><strong>pro</strong></span> <span class='ocrx_word' id='word_1_1051' title='bbox 1736 3468 1891 3501; x_wconf 67' lang='lat' dir='ltr'><strong>cautione</strong></span> <span class='ocrx_word' id='word_1_1052' title='bbox 1916 3467 2034 3520; x_wconf 58' lang='lat' dir='ltr'><strong><em>RVT]</em></strong></span> <span class='ocrx_word' id='word_1_1053' title='bbox 2070 3477 2088 3500; x_wconf 62' lang='grc' dir='ltr'><strong>ο</strong></span> <span class='ocrx_word' id='word_1_1054' title='bbox 2117 3465 2283 3517; x_wconf 52' lang='lat' dir='ltr'><strong>contrario</strong></span> <span class='ocrx_word' id='word_1_1055' title='bbox 2306 3466 2392 3508; x_wconf 63' lang='lat' dir='ltr'><strong>vulg,</strong></span> 
     </span>
     <span class='ocr_line' id='line_1_74' title="bbox 324 3507 2409 3600; baseline -0.001 -12.095"><span class='ocrx_word' id='word_1_1056' title='bbox 324 3508 816 3600; x_wconf 46' lang='lat' dir='ltr'><strong>{segisamam</strong></span> <span class='ocrx_word' id='word_1_1057' title='bbox 839 3509 1075 3592; x_wconf 44' lang='lat' dir='ltr'><strong>:issisti</strong></span> <span class='ocrx_word' id='word_1_1058' title='bbox 1098 3508 1293 3594; x_wconf 55' lang='lat' dir='ltr'><strong>iisse}</strong></span> <span class='ocrx_word' id='word_1_1059' title='bbox 1363 3511 1405 3588; x_wconf 58' lang='grc' dir='ltr'><strong>ἓξ</strong></span> <span class='ocrx_word' id='word_1_1060' title='bbox 1430 3510 1531 3595; x_wconf 61' lang='lat' dir='ltr'><strong>ss</strong></span> <span class='ocrx_word' id='word_1_1061' title='bbox 1551 3511 1941 3599; x_wconf 55' lang='lat' dir='ltr'><strong>..via</strong></span> <span class='ocrx_word' id='word_1_1062' title='bbox 2016 3509 2162 3599; x_wconf 50' lang='lat' dir='ltr'><strong>usi*</strong></span> <span class='ocrx_word' id='word_1_1063' title='bbox 2176 3509 2344 3598; x_wconf 57' lang='lat' dir='ltr'><strong>..sm</strong></span> <span class='ocrx_word' id='word_1_1064' title='bbox 2365 3509 2409 3586; x_wconf 62' lang='grc' dir='ltr'><strong><em>ς</em></strong></span> 
     </span>
     <span class='ocr_line' id='line_1_75' title="bbox 222 3596 2394 3644; baseline -0.001 -12"><span class='ocrx_word' id='word_1_1065' title='bbox 222 3600 386 3633; x_wconf 79' lang='lat' dir='ltr'><strong>dotalibus</strong></span> <span class='ocrx_word' id='word_1_1066' title='bbox 409 3600 539 3643; x_wconf 76' lang='lat' dir='ltr'><strong>Rvuly.</strong></span> <span class='ocrx_word' id='word_1_1067' title='bbox 555 3600 567 3642; x_wconf 80' lang='lat' dir='ltr'>ss</span> <span class='ocrx_word' id='word_1_1068' title='bbox 586 3600 666 3632; x_wconf 87' lang='lat' dir='ltr'><strong>sunt</strong></span> <span class='ocrx_word' id='word_1_1069' title='bbox 689 3599 774 3642; x_wconf 67' lang='lat' dir='ltr'><strong>vulg).</strong></span> <span class='ocrx_word' id='word_1_1070' title='bbox 794 3596 959 3642; x_wconf 63' lang='lat' dir='ltr'><strong>„nuptiae</strong></span> <span class='ocrx_word' id='word_1_1071' title='bbox 982 3596 1026 3636; x_wconf 82' lang='lat' dir='ltr'><strong>R]</strong></span> <span class='ocrx_word' id='word_1_1072' title='bbox 1052 3609 1109 3630; x_wconf 89' lang='lat' dir='ltr'><strong>om.</strong></span> <span class='ocrx_word' id='word_1_1073' title='bbox 1133 3597 1256 3640; x_wconf 71' lang='lat' dir='ltr'><strong>Vvulq.</strong></span> <span class='ocrx_word' id='word_1_1074' title='bbox 1282 3598 1294 3640; x_wconf 77' lang='grc' dir='ltr'><strong>ΙΙ</strong></span> <span class='ocrx_word' id='word_1_1075' title='bbox 1362 3598 1491 3640; x_wconf 87' lang='lat' dir='ltr'><strong>culpam</strong></span> <span class='ocrx_word' id='word_1_1076' title='bbox 1517 3599 1566 3631; x_wconf 66' lang='lat'><strong>12¹</strong></span> <span class='ocrx_word' id='word_1_1077' title='bbox 1590 3601 1689 3643; x_wconf 83' lang='lat' dir='ltr'><strong>culpa</strong></span> <span class='ocrx_word' id='word_1_1078' title='bbox 1715 3601 1763 3634; x_wconf 83' lang='lat' dir='ltr'><strong>R¹</strong></span> <span class='ocrx_word' id='word_1_1079' title='bbox 1786 3611 1917 3634; x_wconf 86' lang='lat' dir='ltr'><strong>eausam</strong></span> <span class='ocrx_word' id='word_1_1080' title='bbox 1947 3600 2040 3644; x_wconf 79' lang='lat' dir='ltr'><strong>VTn</strong></span> <span class='ocrx_word' id='word_1_1081' title='bbox 2066 3602 2107 3634; x_wconf 82' lang='lat'><strong>37</strong></span> <span class='ocrx_word' id='word_1_1082' title='bbox 2133 3600 2244 3640; x_wconf 83' lang='lat' dir='ltr'><strong>etiam]</strong></span> <span class='ocrx_word' id='word_1_1083' title='bbox 2269 3608 2336 3631; x_wconf 89' lang='lat' dir='ltr'><strong>non</strong></span> <span class='ocrx_word' id='word_1_1084' title='bbox 2360 3597 2394 3631; x_wconf 88' lang='lat' dir='ltr'><em>R</em></span> 
     </span>
     <span class='ocr_line' id='line_1_76' title="bbox 228 3640 2005 3688; baseline 0.001 -11"><span class='ocrx_word' id='word_1_1085' title='bbox 228 3646 264 3678; x_wconf 82' lang='lat'><strong>12</strong></span> <span class='ocrx_word' id='word_1_1086' title='bbox 289 3646 351 3676; x_wconf 80' lang='lat' dir='ltr'><strong>hoo</strong></span> <span class='ocrx_word' id='word_1_1087' title='bbox 375 3657 432 3677; x_wconf 86' lang='lat' dir='ltr'><strong>om.</strong></span> <span class='ocrx_word' id='word_1_1088' title='bbox 454 3645 500 3676; x_wconf 83' lang='lat' dir='ltr'><strong>R&#39;</strong></span> <span class='ocrx_word' id='word_1_1089' title='bbox 529 3643 542 3687; x_wconf 76' lang='grc' dir='ltr'><strong>ΙΙ</strong></span> <span class='ocrx_word' id='word_1_1090' title='bbox 575 3645 614 3677; x_wconf 79' lang='lat'><strong>14</strong></span> <span class='ocrx_word' id='word_1_1091' title='bbox 646 3645 725 3683; x_wconf 85' lang='lat' dir='ltr'><strong>una]</strong></span> <span class='ocrx_word' id='word_1_1092' title='bbox 750 3642 821 3675; x_wconf 87' lang='lat' dir='ltr'><strong>ulla</strong></span> <span class='ocrx_word' id='word_1_1093' title='bbox 843 3642 930 3686; x_wconf 77' lang='lat' dir='ltr'><strong>vulq.</strong></span> <span class='ocrx_word' id='word_1_1094' title='bbox 960 3640 974 3685; x_wconf 79' lang='lat' dir='ltr'>ss</span> <span class='ocrx_word' id='word_1_1095' title='bbox 1006 3642 1042 3675; x_wconf 89' lang='grc'><strong>15</strong></span> <span class='ocrx_word' id='word_1_1096' title='bbox 1070 3651 1293 3683; x_wconf 76' lang='lat' dir='ltr'><strong>quascumque</strong></span> <span class='ocrx_word' id='word_1_1097' title='bbox 1362 3642 1536 3675; x_wconf 84' lang='lat' dir='ltr'><strong>distraitur</strong></span> <span class='ocrx_word' id='word_1_1098' title='bbox 1559 3644 1593 3676; x_wconf 88' lang='lat' dir='ltr'><em>R</em></span> <span class='ocrx_word' id='word_1_1099' title='bbox 1618 3645 1631 3688; x_wconf 80' lang='grc'><strong>11</strong></span> <span class='ocrx_word' id='word_1_1100' title='bbox 1655 3647 1697 3678; x_wconf 85' lang='grc'><strong>39</strong></span> <span class='ocrx_word' id='word_1_1101' title='bbox 1726 3645 1870 3687; x_wconf 80' lang='lat' dir='ltr'><strong>perfecta</strong></span> <span class='ocrx_word' id='word_1_1102' title='bbox 1894 3645 1947 3678; x_wconf 84' lang='lat' dir='ltr'><strong>lex</strong></span> <span class='ocrx_word' id='word_1_1103' title='bbox 1975 3646 2005 3678; x_wconf 83' lang='lat' dir='ltr'><em>R</em></span> 
     </span>
    </p>
   </div>
   <div class='ocr_carea' id='block_1_9' title="bbox 2581 2004 2592 2319">
    <p class='ocr_par' dir='ltr' id='par_1_11' title="bbox 2581 2004 2592 2319">
     <span class='ocr_line' id='line_1_77' title="bbox 2581 2004 2592 2319; textangle 90"><span class='ocrx_word' id='word_1_1104' title='bbox 2581 2175 2592 2319; x_wconf 60' lang='lat' dir='ltr'><strong>nnana-..a—</strong></span> <span class='ocrx_word' id='word_1_1105' title='bbox 2582 2076 2592 2147; x_wconf 63' lang='lat' dir='ltr'><strong>.-.a</strong></span> <span class='ocrx_word' id='word_1_1106' title='bbox 2588 2004 2592 2050; x_wconf 84' lang='lat'><em>..--</em></span> 
     </span>
    </p>
   </div>
  </div>
 </body>
</html>
