2476 3854
124 44 233 89 Nov.
259 44 438 90 CXXVI
467 49 506 91 2.
538 50 562 91 3
583 60 650 103 ep.
1195 46 1281 95 632
1746 65 1998 99 murnum
2025 64 2197 101 smum
2221 66 2355 101 mam

1117 182 1275 221 CAPUT
1297 184 1345 221 11.

255 246 318 284 Ἐν
334 248 467 285 πάσαις
487 247 526 283 δὲ
541 251 618 284 ταῖς
635 246 812 292 ἐκκλήτοις
827 250 936 285 τοῦτο
951 253 1096 296 κρατεῖν
1111 250 1310 297 κελεύομεν,
1335 253 1395 287 ἵνα
1411 250 1532 287 ὁσάκις
1550 251 1719 298 ἐκκλήτου
1741 257 1927 301 γινομένης
1949 253 2053 290 ἐντὸς
2070 256 2136 290 τοῦ
2152 252 2352 301 ιῦρισμένου

121 291 254 340 χρόνου
278 294 447 340 ἑκάτερον
470 298 574 339 μέρος
595 294 664 338 τὴν
687 298 814 340 κυρίαν
838 292 976 351 ἡμέραν
999 295 1291 342 παραφυλάττει,
1316 294 1573 343 ἇνυπερθέτως
1595 298 1631 334 οἱ
1650 297 1818 334 δικασταὶ
1840 301 1947 335 τοῦτο
1996 301 2035 335 ὲν
2052 300 2101 335 τὰ
2116 312 2192 336 πεπ
2216 303 2354 348 αγμένα

121 341 229 374 τοῦτο
248 338 287 374 δὲ
301 340 347 374 τὰ
364 342 552 384 κεκριμένα
577 338 758 382 ἐξετάζειν
782 339 1018 375 σπουδασωσι
1041 344 1101 375 καὶ
1123 342 1215 385 μετὰ
1238 344 1302 377 τοῦ
1319 342 1432 388 νόμου
1455 346 1516 377 καὶ
1537 345 1601 378 τοῦ
1617 341 1756 379 δικαίου
1779 346 1905 392 ψῆφον
1928 342 1964 379 δι
1989 345 2080 380 όναι.
2127 346 2160 380 εἰ
2206 347 2223 379 ἒ
2243 344 2354 391 μόνος

133 382 143 394 t

123 398 142 418 ο
169 384 446 430 ἐκκαλεσάμενος
470 383 640 426 εἰςέλθοι,
666 385 852 430 κελεύομεν
876 385 957 420 τοὺς
981 385 1148 421 δικαστὰς
1172 384 1366 432 ἀναμένειν
1388 391 1490 434 μέχρι
1513 389 1575 432 τῆς
1598 388 1801 424 τελευταίας
1823 393 1943 437 κυρίας
1977 393 2038 425 καὶ
2060 391 2092 425 εἰ
2115 388 2354 435 ἇναζητηθεὶς

123 425 142 462 ὁ
168 431 317 472 νικήσας
338 429 388 474 μὴ
413 428 589 474 εὑρεθείη,
614 430 882 476 ἐξεταζομένων
904 433 981 466 τῶν
1001 435 1267 487 πεπραγμένων
1289 435 1445 478 νόμιμον
1469 432 1598 469 δοῦναι
1620 437 1738 479 πέρας.
1785 435 1817 469 εἰ
1839 433 1880 470 δὲ
1928 417 2011 471 ἄγνος
2033 433 2059 471 ὁ.
2078 435 2147 479 τὴν
2169 435 2354 488 νικητικὴν
2398 440 2418 474 5

122 476 247 520 ψῆφον
273 473 397 519 λαβὼν
420 473 589 517 εἰςέλθοι,
619 478 679 509 καὶ
702 476 934 520 έπιζητηθεῑς
956 474 976 510 ὁ
1002 476 1258 522 ἐκκαλούμενος
1279 479 1328 523 μὴ
1354 475 1531 524 εὑρεθείη,
1562 475 1757 525 ἀναμένειν
1779 480 1862 515 τοὺς
1908 480 2056 516 ικαστὰς
2076 480 2126 525 μὴ
2149 479 2263 526 μόνον
2285 493 2355 524 την

121 519 330 554 τελευταίαν
353 523 488 565 κυρίαν,
513 516 605 554 ἀλλὰ
629 523 688 555 καὶ
711 521 778 556 τὸν
802 523 864 565 τῆς
885 522 1127 574 reparationoc
1148 523 1291 569 χρόνον,
1320 526 1485 558 τουτέστι
1508 524 1591 558 τοὺς
1613 528 1705 571 τρεῖς
1726 526 1849 569 μῆνας.
1896 529 1956 560 καὶ
1982 526 2014 560 εἰ
2035 523 2126 570 μηδὲ
2154 525 2354 569 τηνικαῦτα

122 561 141 597 ὁ
168 563 421 608 ἐκκαλούμενος
444 563 621 611 εὑρεθείη,
650 569 777 610 μηκέτι
808 568 854 614 τῇ
877 578 942 600 του
965 565 1095 613 χρόνου
1119 566 1335 616 παραδρομῇ
1359 569 1562 615 κυροῦσθαι
1586 569 1654 613 τὴν
1677 571 1813 616 ψῆφον,
1845 567 1936 606 ἀλλὰ
1960 574 2019 605 καὶ
2049 572 2088 605 ἐκ
2116 571 2200 616 μιᾶς
2229 573 2355 616 μοίρας

121 610 202 642 τοὺς
227 607 398 662 δικαστὰς
429 609 612 653 ἐξετάζειν
642 613 750 646 τοῦτο
772 613 839 656 μὲν
867 611 915 646 τὰ
946 615 1182 660 πεπραγμένα
1212 614 1320 648 τοῦτο
1352 612 1392 648 δὲ
1421 614 1468 648 τὰ
1491 617 1696 662 κεκριμένα·
1735 618 1795 649 καὶ
1825 616 1857 650 εἰ
1885 618 1953 660 μὲν
1983 612 2108 662 ὀρθῶς
2137 615 2206 659 τὴν
2229 615 2354 662 ψῆφον

121 652 317 706 δεδομένην
347 651 496 701 εὕροιεν,
527 653 666 699 ταύτην
696 658 881 702 βεβαιοῦν,
913 656 944 690 εἰ
969 655 1011 691 δέ
1038 671 1075 692 τι
1099 660 1314 702 παρῶπται,
1346 659 1454 693 τοῦτο
1486 656 1751 704 διορθοῦσθαι,
1783 664 1843 695 καὶ
1866 662 2022 706 νόμιμον
2049 657 2194 696 διδόναι
2217 660 2351 707 ψῆφον.
2378 665 2419 699 10

121 697 221 739 ἅπαξ
244 697 284 732 δὲ
306 701 369 742 τῆς
393 702 562 746 ἐφεσίμου
587 699 684 744 δίκης
707 703 747 736 ἐν
769 705 847 737 ταῖς
870 702 1060 747 ἐμπροθέσ
1109 714 1138 737 ις
1161 701 1306 751 ἡμέραις
1329 704 1401 738 εἴτε
1424 701 1512 749 παρ’
1531 704 1696 750 ἑκατέρου
1717 708 1843 751 μέρους
1865 706 1936 740 εἴτε
1959 705 2059 752 παρὰ
2091 707 2155 741 τοῦ
2180 705 2260 740 ἑνὸς
2289 705 2353 740 εἰς·

120 744 293 787 αχθείσης
321 748 448 789 μηκέτι
477 747 522 793 τῇ
547 747 612 780 τοῦ
636 745 772 781 διετοῦς
794 747 924 793 χρόνου
947 759 1047 793 παρα
1072 749 1162 795 ρομῇ
1194 750 1259 783 τοῦ
1283 748 1411 785 λοιποῦ
1434 749 1681 794 βεβαιοῦσθαι
1709 750 1779 794 τὴν
1809 752 1945 796 ψῆφον,
1980 747 2072 786 ἀλλὰ
2094 752 2157 795 τῆς
2180 747 2354 795 ἀληθείας

119 793 178 823 καὶ
202 791 266 823 τοῦ
291 787 429 824 δικαίου
461 795 707 835 σκοπουμένου
731 795 841 837 πέρας
871 795 947 827 ταῖς
970 793 1153 828 τοιαύταις
1180 791 1379 829 ὑποθέσεσι
1403 792 1576 829 δίδοσθαι
1599 791 1767 840 νόμιμον,
1798 796 1869 830 εἴτε
1892 797 1957 830 τοῦ
1981 796 2061 831 ἑνὸς
2091 796 2162 831 εἴτε
2185 796 2354 843 ἑκατέρου

118 837 244 879 μέρους
274 834 462 883 παρόντος.
511 839 572 871 καὶ
603 835 664 871 διὰ
688 839 797 872 τοῦτο
828 836 1017 882 κελεύομεν
1045 839 1086 873 ἐν
1107 841 1186 873 ταῖς
1215 840 1396 874 τοιαύταις
1420 836 1644 874 ὑποθέσεσιν
1666 843 1791 884 μηκέτι
1819 841 1934 883 (καθὰ
1956 843 2057 888 μέχρι
2083 842 2148 877 τοῦ
2173 839 2355 896 παρόντος

117 879 271 959 ἐκράτει)
296 881 343 915 εἰς
366 881 435 925 τὴν
458 881 610 939 πρώτην
633 882 805 928 ἔκκλητον
828 881 948 918 πάσας
971 881 1036 918 τοὶς
1060 881 1271 931 διαγνώσεις
1295 881 1564 932 ἀναφέρεσθαι,
1600 881 1691 919 ἀλλὰ
1712 889 1803 931 μίαν
1826 884 1981 930 ἑκάστην
2003 886 2072 931 τὴν
2095 883 2194 922 ἰδίαν
2215 887 2354 932 ημέραν
2379 890 2418 924 15

136 938 213 968 χειν
236 938 566 973 προγεγραμμένην.

1115 1042 1271 1079 CAPUT
1294 1043 1361 1080 ΙΙΙ.

253 1108 352 1154 Πρὸς
381 1105 523 1142 τούτοις
553 1107 789 1153 θεσπίζομεν,
822 1107 910 1144 dign
941 1108 1082 1144 πάντας
1111 1110 1193 1144 τοὺς
1224 1108 1395 1144 δικαστὰς
1426 1110 1495 1154 τὴν
1524 1112 1591 1155 μὲν
1622 1110 1792 1154 ἔκκλητον
1821 1114 1899 1146 ταῖς
1929 1108 2180 1158 διωρισμέναις
2209 1108 2355 1158 ἡμέραις

118 1157 387 1201 προςαγομεῧνην
411 1156 470 1187 καὶ
493 1157 566 1188 τοῖς
587 1150 711 1197 νόμοις
733 1150 798 1188 οὐκ
822 1152 1115 1202 ἀπηγορευμένην
1139 1158 1251 1190 παντὶ
1275 1155 1401 1200 τρόπῳ
1427 1154 1617 1201 δέχεσθαι,
1642 1156 1745 1191 ἐντὸς
1768 1154 1808 1190 δὲ
1829 1155 1861 1191 λ’
1881 1155 2027 1202 ἡμερῶν
2048 1156 2140 1202 μετὰ
2165 1156 2209 1192 τὸ
2233 1155 2354 1192 ἐπιδο-

120 1200 237 1242 θῆναι
268 1198 337 1243 τὴν
360 1198 533 1242 ἔκκλητον
555 1197 602 1233 τὰ
623 1203 860 1246 πεπραγμένα
893 1200 985 1245 μετὰ
1007 1201 1071 1244 τῆς
1093 1198 1185 1234 ἰδίας
1208 1197 1418 1247 ὑπογραφῆς
1441 1204 1610 1247 παρέχειν
1631 1204 1705 1236 τοῖς
1727 1200 1988 1246 δικαζομένοις,
2019 1202 2080 1236 ἵνα
2104 1204 2231 1237 ἐκεῖνοι
2263 1199 2354 1248 ὑπὲρ

119 1247 182 1288 τῆς
197 1242 290 1279 ἰδίας
311 1244 489 1289 βοηθείας
511 1244 564 1287 τῷ
581 1240 742 1289 ἆρμοδίῳ
767 1243 916 1291 ἄρχοντι
931 1246 1048 1280 ταῦτα
1069 1243 1288 1289 δυνήσονται
1312 1247 1533 1292 ἐμφανίζειν.
1581 1247 1613 1280 εἰ
1636 1244 1679 1281 δέ
1697 1258 1751 1281 τις
1773 1247 1852 1281 τῶν
1867 1245 2052 1282 δικαστῶν
2070 1248 2180 1282 τοῦτο
2202 1248 2354 1291 ποιῆσαι
2377 1251 2418 1286 20

120 1288 331 1335 ύπέρθοιτο,
363 1287 386 1334 ἡ
410 1291 478 1334 μὲν
501 1290 621 1335 ψῆφος
644 1290 689 1336 τῇ
714 1291 778 1324 τοῦ
802 1289 932 1336 χρόνου
955 1288 1171 1338 παραδρομῇ
1193 1289 1512 1347 ἕεβαιωθήσεται,
1544 1288 1654 1327 αὐτὸς
1677 1288 1717 1325 δὲ
1738 1289 1760 1326 ὅ
1786 1289 1956 1336 δικαστὴς
1980 1289 2001 1326 ὁ
2025 1293 2143 1328 ταῦτα
2163 1293 2214 1337 μὴ
2237 1304 2354 1338 παρα·

120 1335 277 1382 φυλάξας
307 1337 369 1369 καὶ
391 1334 428 1369 οἱ
449 1334 569 1378 τούτῳ
594 1331 853 1380 ὑπηρετοῦντες
876 1337 1001 1372 πᾶσαν
1026 1338 1170 1381 ζημίαν,
1189 1348 1237 1379 ην
1248 1334 1330 1382 (ἂν)
1342 1335 1519 1384 ὑπομείνῃ
1532 1335 1552 1371 ὅ
1567 1333 1799 1380 δικαζόμενος
1812 1333 1926 1370 διὰτὸ
1939 1335 1989 1381 μὴ
2001 1334 2164 1381 δοθῆναι
2188 1334 2287 1381 αύτῷ
2306 1336 2354 1372 τὰ

120 1382 372 1427 πεπραγμένα,
398 1382 436 1414 ἐκ
459 1381 538 1414 τῶν
561 1377 668 1415 ἰδίων
691 1377 827 1415 οὐσιῶν
851 1378 1051 1416 ἀποδοῦναι
1075 1378 1175 1424 αύτῷ
1200 1380 1568 1427 ἀναγκασθήσονται,
1599 1385 1659 1417 καὶ
1681 1381 1754 1417 ἀνὰ
1785 1381 1870 1416 δέκα
1891 1387 2034 1429 χρυσίου
2059 1382 2194 1427 λιτρῶν
2223 1381 2355 1426 ποινὴν

119 1425 366 1471 καταβαλοῦσι
389 1428 462 1460 τοῖς
485 1422 666 1471 ἡμετέροις
690 1426 1054 1472 εἰςκομισθησομένην
1077 1426 1275 1506 πριῇάτοις.

252 1469 348 1516 <Ἐπ
357 1475 372 1505 ί
378 1470 425 1505 λο
431 1483 479 1517 γο
489 1471 532 1514 ς.>
577 1467 624 1505 Ἡ
642 1468 785 1512 ἔνδοξος
807 1476 931 1507 τοίνυν
960 1475 1022 1506 καὶ
1045 1485 1135 1516 μεγα
1179 1471 1266 1526 φυὴς
1289 1468 1469 1507 αὖθεντιά
1490 1484 1554 1507 σου
1583 1472 1651 1508 τὸν
1674 1472 1843 1519 παρόντα
1870 1471 1987 1517 νόμον
2017 1475 2078 1507 καὶ
2108 1474 2148 1508 ἐν
2170 1470 2287 1526 ταύτῃ
2308 1472 2354 1520 τῇ
2377 1477 2420 1511 25
2474 1507 2476 1510 ⁴

118 1515 283 1562 βασιλίδι
307 1515 411 1551 πόλει
436 1517 633 1562 προθεῖναι
656 1515 860 1560 σπευσάτω,
886 1517 947 1552 ἴνα
970 1518 1102 1552 πάντες
1123 1529 1349 1565 γινωσκωσι,
1373 1521 1412 1552 τί
1433 1515 1617 1564 ὀφείλουσι
1640 1516 1946 1565 παραφυλάττειν.
2017 1518 2130 1565 Dat.<
2131 1543 2253 1552 ......
2268 1527 2353 1562 lmp-

121 1562 180 1598 dn.
205 1562 395 1598 Iustiniani
418 1572 479 1606 pp.
504 1563 598 1606 Aug.
623 1571 718 1598 anno
739 1561 818 1597 XX.
844 1573 902 1608 pc.
927 1563 1052 1598 Basilii
1074 1573 1128 1599 vc.
1153 1572 1247 1598 anno
1267 1562 1335 1608 V.)
2213 1565 2259 1606 [a.
2275 1565 2354 1605 546]

189 1665 215 1685 c.
235 1653 280 1686 II
296 1649 357 1685 Ἐν
371 1650 561 1686 πάσαις-
574 1654 616 1687 10
632 1653 758 1698 ψῆφον
782 1666 821 1687 ex
845 1654 881 1688 B
905 1655 1001 1688 habet
1023 1654 1074 1688 Β*
1096 1655 1132 1687 Ε
1152 1655 1184 1696 9,
1198 1661 1234 1688 24
1254 1667 1289 1699 p.
1304 1655 1369 1689 295
1394 1654 1509 1697 Zaclz.‚
1535 1657 1574 1689 11
1590 1652 1709 1694 ’Ἀπαξ
1723 1674 1767 1679 -
1785 1655 1827 1689 16
1844 1654 2163 1700 προγεγραμμένην
2186 1653 2236 1688 Β’
2255 1654 2300 1689 ib.
2317 1659 2354 1688 2ss

115 1711 152 1742 p.
167 1699 233 1732 296
248 1699 351 1731 Zach.
378 1705 408 1732 et
431 1698 560 1741 Ecloya
579 1698 685 1731 I—-X
704 1699 790 1732 Bas.

188 1756 213 1777 c.
233 1744 298 1776 ΙΙΙ
316 1745 518 1777 summarium
543 1751 630 1777 extat
652 1740 745 1777 Ῥοπ.
768 1746 821 1786 11,
839 1751 856 1778 6
881 1745 951 1786 (ubi
971 1746 1090 1778 citatur
1111 1743 1223 1789 νεαρὰ
1247 1741 1347 1789 ρλγ’).

255 1831 302 1868 11.
351 1830 398 1868 In
413 1832 577 1868 omnibus
593 1837 711 1868 autem
734 1832 1041 1879 appellationibus
1064 1834 1131 1869 noc
1154 1833 1274 1869 valere
1296 1833 1467 1877 iubemus,
1492 1836 1534 1867 ut
1556 1833 1849 1880 quotiescumque
1871 1832 2118 1880 appellatione
2139 1832 2356 1881 interposita

119 1878 220 1914 intra
242 1880 416 1913 statutum
440 1881 580 1923 tempus
602 1881 758 1923 utraque
774 1888 870 1924 pars
889 1878 1045 1924 fatalem
1068 1878 1160 1914 diem
1185 1877 1369 1920 observat,
1399 1878 1478 1914 sine
1501 1876 1676 1914 dilatione
1698 1878 1835 1914 iudices
1860 1882 1933 1914 tam
1955 1881 2039 1915 acta
2062 1889 2171 1925 quam
2194 1878 2355 1915 iudicata

120 1923 336 1960 examinare
364 1922 534 1958 studeant
563 1926 673 1969 atque
703 1922 777 1968 leqi
806 1927 840 1958 et
870 1923 944 1958 iuri
974 1934 1173 1969 conqruam
1202 1923 1416 1959 sententiam
1442 1923 1580 1968 ferant.
1627 1921 1766 1966 Quodsi
1793 1923 1896 1959 solus
1925 1924 1989 1970 qui
2017 1922 2220 1970 appellavit
2239 1924 2354 1960 intra-

119 1969 222 2011 verit,
247 1968 408 2010 iubemus
430 1967 566 2003 iudices
597 1979 711 2013 usque
738 1967 788 2003 ad
810 1967 974 2004 ultimum
994 1968 1147 2014 fatalem
1172 1968 1264 2004 diem
1288 1979 1308 2004 e
1364 1971 1495 2010 ectare,
1525 1970 1560 2003 et
1581 1967 1614 2003 si
1637 1969 1668 2003 is
1691 1969 1758 2014 qui
1778 1969 1864 2005 vicit
1884 1969 2080 2016 requisitus
2101 1979 2174 2004 non
2195 1967 2355 2005 invenia-

121 2018 193 2056 tur,
216 2012 437 2049 examinatis
458 2014 550 2048 actis
574 2023 705 2048 causae
729 2012 924 2059 leqitimum
944 2013 1054 2058 finem
1077 2013 1273 2060 impertire.
1350 2013 1387 2048 in
1410 2018 1529 2049 autem
1552 2013 1652 2048 solus
1682 2013 1746 2059 qui
1768 2013 1947 2050 victricem
1977 2014 2188 2049 sententiam
2214 2013 2355 2060 accepit

120 2058 322 2100 intraverit,
354 2062 390 2093 et
412 2058 445 2093 is
468 2058 532 2104 qui
554 2057 754 2104 appellavit
776 2058 972 2104 requisitus
995 2069 1069 2094 non
1092 2058 1307 2101 inveniatur,
1339 2057 1476 2094 iudices
1498 2068 1571 2093 non
1592 2057 1710 2094 solum
1732 2058 1897 2094 ultimum
1925 2058 2079 2104 fatalem
2109 2057 2202 2094 diem
2224 2068 2354 2105 expec-

122 2109 211 2147 tare,
235 2103 299 2139 sed
321 2104 427 2139 etiam
452 2109 591 2149 tempus
613 2103 871 2149 reparationis,
896 2103 935 2138 id
957 2108 1012 2139 est
1035 2108 1108 2139 tres
1130 2114 1278 2140 menses.
1327 2103 1377 2139 Et
1397 2103 1430 2138 si
1453 2113 1498 2138 ne
1522 2106 1595 2138 tum
1616 2102 1758 2149 quidem
1780 2103 1812 2139 is
1834 2104 1898 2149 qui
1920 2103 2118 2155 appellavit
2138 2102 2354 2144 inveniatur,

120 2160 194 2184 non
217 2148 373 2195 amplius
398 2148 571 2195 temporis
593 2148 746 2184 decursu
770 2149 984 2184 sententiam
1009 2149 1230 2194 confirmari,
1253 2148 1318 2184 sed
1333 2148 1440 2184 etiam
1462 2159 1536 2184 una
1557 2153 1667 2195 parte
1682 2153 1879 2195 praesente
1899 2149 2036 2184 iudices
2056 2153 2129 2185 tam
2144 2151 2228 2184 acta
2247 2158 2356 2194 quam

120 2194 283 2230 iudicata
311 2194 539 2241 perscrutari
546 2206 561 2235 ;
602 2204 646 2228 ac
676 2194 710 2228 si
738 2193 881 2239 quidem
911 2194 1125 2230 sententiam
1153 2198 1250 2230 recte
1282 2194 1393 2230 latam
1425 2204 1502 2230 com
1531 2193 1682 2237 crerint,
1713 2204 1792 2230 eam
1816 2194 2043 2240 confirmare,
2072 2193 2131 2230 sin
2159 2203 2244 2229 vero
2268 2191 2358 2239 quid

119 2238 478 2320 Zigkssfflemaii‘tnfl
499 2239 683 2320 Z‘Zmissss
706 2238 1489 2321 {ttwtfff'ztzssrttffmma05³2&
1520 2238 2206 2320 eltffitessfftfau‘ssiffpssss‘}‘ilZZZrZ‘Z‘CZ
2217 2237 2357 2319 sitii?

119 2338 201 2365 runt
223 2329 401 2365 sententia
424 2294 667 2374 cogfirmleotur,
699 2328 765 2365 sed
787 2329 938 2366 veritate
966 2333 1002 2365 et
1032 2329 1172 2365 iustitia
1204 2329 1435 2365 considerata
1461 2294 1561 2374 fiis.
1580 2328 1755 2365 eiusmodi
1777 2294 1898 2365 caus-pis
1929 2328 2111 2376 leqitimus
2131 2328 2180 2363 im
2209 2294 2355 2370 offam,

119 2375 193 2410 sive
213 2386 286 2410 una
313 2374 389 2411 sive
418 2378 571 2420 utraque
593 2378 707 2421 parte
727 2378 934 2421 praesente.
984 2374 1033 2410 Et
1061 2380 1261 2427 propterea
1289 2374 1451 2410 iubemus
1479 2374 1519 2409 in
1541 2373 1719 2410 eiusmodi
1739 2374 1860 2410 causis
1889 2384 1965 2410 non
1988 2372 2146 2421 amplius
2188 2371 2356 2425 quemad-

119 2420 264 2456 modum
287 2430 402 2466 usque
425 2419 475 2455 ad
495 2430 671 2466 praesens
695 2423 833 2466 tempus
855 2419 1009 2463 valebat)
1033 2420 1072 2454 in
1082 2430 1242 2467 primam
1266 2419 1548 2467 appellationem
1566 2429 1690 2455 omnes
1704 2419 1930 2466 coqnitiones
1943 2418 2090 2465 referri,
2113 2417 2179 2454 sed
2191 2416 2358 2464 smqulas

115 2466 311 2512 propriam
335 2465 426 2500 diem
441 2465 711 2511 praescriptam
734 2465 876 2501 babere.
2191 2470 2194 2471 ’

254 2510 320 2545 ΙΙΙ.
371 2509 565 2546 Praeterea
595 2511 788 2552 sancimus,
823 2514 866 2546 ut
895 2520 1018 2546 omnes
1052 2509 1189 2546 iudices
1219 2508 1499 2556 appellationem
1533 2509 1633 2546 intra
1659 2511 1817 2545 statutos
1852 2508 1929 2545 dies
1959 2507 2210 2555 interpositam
2241 2517 2357 2554 neque
2422 2510 2423 2513 ’

123 2555 260 2601 Ζεηίὺιις
277 2554 504 2601 prohibitam
528 2555 691 2590 omnibus
706 2554 823 2591 modis
845 2555 1035 2602 recipiant,
1059 2559 1100 2591 at
1125 2566 1168 2591 ue
1183 2555 1282 2590 intra
1308 2555 1460 2601 triginta
1482 2553 1560 2591 dies
1575 2557 1666 2601 post
1680 2553 1838 2589 oblatam
1862 2553 2145 2606 appellationem
2168 2555 2252 2604 acta
2274 2562 2356 2588 cum
2388 2562 2395 2570 ·
2423 2591 2434 2601 Α(

121 2600 383 2646 subscriptione
411 2610 479 2634 sua
510 2599 735 2646 litiqantibus
750 2600 975 2647 praebeant,
1007 2603 1048 2636 ut
1068 2566 1125 2635 iffi
1147 2599 1198 2636 ad
1219 2599 1399 2636 auxilium
1421 2610 1526 2635 suum
1549 2599 1764 2646 competenti
1794 2598 2027 2650 maqzstratui
2057 2597 2148 2634 llaec
2170 2599 2356 2635 insinuare
2383 2643 2390 2648 ς

116 2646 273 2691 possint.
322 2644 458 2687 Quodsi
481 2645 563 2690 quis
586 2656 636 2680 ex
659 2645 837 2682 iudicibus
867 2645 906 2681 id
925 2646 1052 2691 facere
1075 2645 1274 2688 distulerit,
1306 2645 1484 2680 sententia
1507 2644 1651 2691 quidem
1681 2643 1836 2680 decursu
1869 2647 2042 2690 temporis
2073 2642 2356 2695 confirmabitur,
2416 2658 2427 2683 3

122 2691 201 2736 ipse
231 2700 314 2725 vero
344 2688 457 2724 iudex
485 2689 548 2735 qui
578 2689 666 2726 haec
694 2701 770 2726 non
799 2690 1041 2727 observaverit
1071 2695 1108 2726 et
1135 2691 1201 2736 qui
1228 2690 1262 2726 ei
1284 2690 1521 2726 ministerium
1551 2689 1723 2726 exhibent
1754 2699 1859 2725 omne
1887 2688 2057 2724 damnum
2112 2687 2186 2723 uod
2207 2687 2358 2740 linquas
2423 2711 2427 2737 3

115 2738 275 2781 propter
297 2739 381 2769 acta
404 2734 438 2770 ei
461 2745 534 2769 non
557 2734 654 2770 edita
675 2735 826 2772 subierit
848 2746 898 2772 ex
917 2735 1082 2783 propriis
1104 2735 1316 2771 substantiis
1338 2734 1490 2771 reddere
1504 2734 1538 2771 ei
1553 2734 1825 2781 compellentur,
1848 2736 1884 2770 et
1904 2743 2061 2780 poenam
2107 2742 2257 2769 enarum
2272 2741 2355 2774 aun
2414 2743 2427 2748 ”

123 2780 298 2816 librarum
321 2779 462 2814 solvent
483 2780 618 2815 nostris
634 2781 795 2832 privatis
818 2780 924 2817 rebus
947 2779 1185 2827 inferendam.

258 2823 497 2870 Epiloqus.
546 2823 713 2861 Gloriosa
735 2826 850 2872 iqitur
872 2829 906 2861 et
929 2826 1124 2872 maqnifica
1147 2826 1346 2862 auctoritas
1378 2829 1441 2861 tua
1491 2827 1690 2861 raesentem
1713 2824 1826 2871 leqem
1856 2824 1895 2859 in
1918 2823 1987 2860 bac
2010 2833 2154 2870 quoque
2178 2821 2284 2869 reaia
2306 2821 2356 2859 oi*-

121 2870 233 2906 vitate
254 2879 464 2915 proponere
486 2869 639 2911 studeat,
662 2874 704 2906 ut
727 2881 848 2907 omnes
869 2871 1093 2917 intelleqant,
1117 2870 1207 2917 quid
1228 2870 1419 2907 observare
1469 2870 1606 2906 ebeant.
2420 2879 2422 2882 ·

170 2962 185 2994 1
213 2956 394 3006 ἐγκλήτοις
410 2959 452 3001 (et
466 2961 512 2992 sic
530 2961 620 3002 infra
636 2963 829 3004 constanter)
847 2963 890 2995 M
905 2961 917 3005 ΙΙ
931 2963 1123 3008 γενομένης
1139 2963 1170 2996 L
1194 2961 1206 3007 ΙΙ

124 3007 145 3040 2
169 3001 450 3051 παραφυλάττει·
465 3004 629 3046 Scrimqer
652 3006 715 3047 (Β’
726 3006 946 3049 Leunclaviij]
971 3019 1070 3052 παρα
1121 3005 1206 3040 Zoloc-

123 3063 201 3084 τειν
215 3051 256 3083 Μ
275 3047 539 3095 παραφυλάττῃ
555 3048 640 3082 LBr
662 3049 937 3094 παραφυλάττοι
955 3053 1019 3085 13⁶⁸
1038 3054 1070 3095 (ο
1095 3062 1206 3086 serva-

124 3096 209 3128 verit
228 3096 301 3137 lul.)
318 3095 331 3139 ΙΙ
356 3096 376 3128 3
401 3091 643 3135 σπουδάζουσι
656 3095 707 3128 Bc
722 3095 733 3139 ΙΙ
753 3098 774 3129 4
795 3094 942 3139 εἰσέλθη
959 3097 1009 3130 B⁸
1024 3097 1036 3141 ΙΙ
1055 3100 1075 3132 6
1101 3095 1120 3131 ὁ
1146 3111 1205 3132 om.

125 3142 167 3175 M
181 3141 193 3184 ΙΙ
211 3137 489 3183 ἐκκαλεσάμενος
513 3141 570 3181 (id.
585 3141 618 3180 8)
634 3139 685 3172 Bs
698 3139 711 3183 11
737 3142 754 3173 7
771 3141 833 3182 τῆς
850 3131 1059 3183 epar‘ationos
1077 3143 1125 3176 M
1145 3142 1207 3198 τῆς

123 3186 359 3228 boparationos
385 3186 413 3218 L
443 3184 507 3218 τοῦ
532 3185 840 3228 προευτρεπισμοῦ
859 3187 889 3218 L
902 3199 980 3228 s.v.‚
997 3187 1048 3219 ΒΓ
1069 3188 1133 3221 τοῦ
1151 3199 1206 3220 ευ-

123 3230 324 3274 τρεπισμοῦ
338 3230 466 3271 Ms.v.,
483 3230 532 3263 B⁸
545 3226 676 3282 [μηδὲ]
699 3227 748 3273 μὴ
768 3230 818 3262 B³
831 3242 858 3263 v.
875 3232 893 3263 Ι.
914 3230 926 3274 ΙΙ
943 3233 962 3264 8
979 3234 1104 3273 μηκέτι
1120 3231 1205 3273 uvi]

125 3279 166 3317 cs:
192 3289 261 3310 nov.
276 3275 473 3309 XLIXc.1
497 3275 510 3319 ΙΙ
525 3287 570 3321 τῃ
595 3287 654 3308 om,
677 3276 727 3308 La
750 3274 763 3317 ΙΙ
791 3276 828 3308 11
855 3275 1117 3319 ἐνπροθέσμοις
1142 3278 1172 3310 L

128 3314 168 3355 12
192 3321 236 3366 τῇ
262 3334 319 3354 om.
334 3320 378 3353 M
397 3320 409 3363 ΙΙ
433 3320 498 3354 τοῦ
522 3316 659 3354 διετοῦς
679 3316 823 3365 χρόνου]
855 3320 916 3361 τῆς
947 3317 1079 3354 emtas
1100 3323 1170 3355 Ecl.

127 3369 168 3400 14
192 3365 364 3417 καθάπερ
390 3366 459 3399 Ec).
489 3367 500 3409 ΙΙ
534 3367 574 3400 15
599 3364 646 3398 εἰς
667 3363 738 3407 τὴν
769 3362 920 3408 πρώτην
951 3363 1133 3407 ἔκκλητον]
1170 3367 1207 3399 in

123 3412 233 3455 primo
256 3411 400 3444 intrmtu
419 3411 484 3444 Iul.
515 3410 556 3445 έν
578 3410 623 3456 τῇ
647 3407 775 3455 πρώτῃ
799 3405 942 3451 συνόδῳ
964 3410 1039 3443 ΑιΙι.
1058 3412 1206 3452 (ceterum

1275 2964 1317 3004 cst
1342 2962 1493 2995 Cuiacius
1514 2961 1608 2994 obss.
1625 2959 1679 3001 18,
1693 2959 1742 2998 36)
1759 2958 1771 3002 ΙΙ
1797 2960 1837 2992 16
1855 2959 2190 3004 προςγεγραμμένην
2203 2957 2324 2991 Theod.
2364 2995 2366 2997 ,
2409 2949 2423 2988 ’.

1277 3008 1318 3042 19
1342 3001 1434 3050 ὑπὲρ
1457 3005 1519 3047 τῆς
1537 3001 1629 3038 ἰδίας
1679 3003 1827 3045 οηθείας
1846 3004 1975 3036 ἐκεῖνοι
1993 3003 2056 3047 Lu
2079 3003 2122 3037 20
2145 3002 2262 3036 ταῦτα
2285 3002 2317 3036 L

1273 3052 1351 3093 lut]
1374 3048 1512 3093 ταύτην
1532 3050 1579 3083 Μ
1596 3048 1608 3093 ΙΙ
1713 3045 1722 3057 ’

1274 3092 1483 3141 ὑπέρθηται
1499 3095 1531 3128 L
1549 3094 1562 3138 ΙΙ
1577 3091 1892 3145 βεβαιωθήσεται]
1908 3102 1976 3126 non
1993 3091 2243 3126 confirmabitur
2256 3091 2320 3126 Iul.
2341 3089 2357 3157 ῃ

1275 3143 1318 3176 22
1341 3141 1478 3181 πᾶσαν]
1509 3140 1570 3172 καὶ
1593 3139 1719 3173 πᾶσαν
1744 3139 1794 3171 13⁶
1817 3138 1830 3181 ΙΙ

1274 3183 1447 3230 ὑπομένοι
1460 3184 1546 3218 LBr
1560 3183 1573 3224 ΙΙ
1590 3185 1633 3218 23
1645 3195 1667 3225 χ
1689 3182 1776 3217 veo&
1787 3183 1818 3216 L
1830 3182 1842 3226 ss
1855 3180 1989 3227 λιτρῶν
2000 3183 2102 3223 ΜΒἽ
2118 3180 2239 3227 λίτρας
2250 3171 2356 3227 LBJ}

1276 3234 1317 3266 24
1335 3226 1602 3274 καταβαλλοῦσι
1620 3230 1650 3262 L
1668 3195 1688 3268 ῗΙ
1714 3227 1912 3272 πριβάτοις]
1934 3224 2057 3260 ι’δικοῖς
2073 3227 2109 3260 Β
2126 3228 2138 3271 n
2156 3228 2198 3261 25
2215 3223 2355 3266 ένδοξο·

1273 3274 1363 3320 τάτη
1388 3276 1419 3309 L
1441 3274 1453 3319 ΙΙ
1479 3276 1522 3309 26
1543 3271 1760 3320 γινώσκουσι
1776 3273 1808 3306 L
1824 3271 1837 3317 ΙΙ
1862 3272 1929 3306 dat.
1944 3272 2002 3314 M,
2025 3269 2163 3318 ἐγράφη
2181 3271 2257 3306 Au.
2282 3273 2295 3306 ι·
2315 3282 2356 3305 ια
2408 3262 2424 3282 ³

1273 3322 1510 3364 subscriptione
1533 3321 1667 3361 omissa,
1697 3319 1784 3352 deest
1808 3319 1902 3352 etiam
1925 3318 2101 3370 apud-Iul.
2137 3315 2222 3371 ἐξεφ
2302 3314 2363 3369 θη)
2415 3347 2425 3353 ,,

1272 3366 1327 3408 τῷ
1351 3364 1381 3399 κ’
1404 3366 1476 3399 ἔτει
1499 3365 1562 3408 τῆς
1585 3361 1767 3408 βασιλείας
1780 3358 2036 3396 Ἰουστινιανου
2059 3360 2152 3406 μετὰ
2176 3363 2355 3415 vaureta*

1274 3408 1465 3445 Βασιλείου
1483 3411 1618 3453 Theoti„
1641 3410 1726 3444 unde
1741 3409 2004 3453 subscriptionem
2020 3409 2152 3449 refinxit
2167 3407 2355 3442 zachar-m

1855 3135 2046 3180 *υπομείνη
2065 3135 2109 3170 Μ
2126 3132 2287 3181 ὑπομένη
2304 3136 2340 3171 Β
2404 3135 2412 3166 ἒ

1658 3058 1865 3091 υνησωνται
1889 3059 1957 3082 cum
1979 3047 2163 3091 Scrimqero
2178 3047 2266 3092 vuly.
2281 3046 2294 3091 ΙΙ
2312 3047 2354 3083 21
2419 3045 2423 3052 ⁵
