2476 3854
158 81 266 125 Nov.
291 80 483 124 CXLVII
511 94 573 137 pr.
1223 82 1304 129 718
1327 145 1343 148 -

1861 102 1922 133 DE
1948 102 2154 141 RELIQUIS
2182 103 2384 137 PUBLIGIS

157 191 239 226 τοὺς
263 193 395 226 τοῦτον
417 191 681 237 μανθάνοντας
704 193 901 237 προθεῖναι
924 193 1016 228 κατὰ
1032 192 1141 229 πόλιν
1158 193 1238 228 ε’κά-

158 234 410 291 ιξτην,ἐίδότας
434 236 481 272 ais
495 239 612 292 ταῦτα
630 236 922 290 παραφυλάττειν
934 237 1050 292 χρεών
1062 237 1241 291 ἧμαι-ἐραν

157 294 402 361 ἔγανὶκκτῒιῑσιν
428 281 606 362 .ὃεδιοτΞς.
654 282 736 318 Dat.
761 282 828 363 V&
830 283 943 364 §27:11⁴
955 284 1132 365 ebr'BCPi
1136 295 1237 336 nimp.
1354 285 1436 321 Dat.
1455 286 1516 322 VI.
1537 287 1584 323 id.
1603 287 1710 324 Febr.
1730 288 1797 324 ΟΡ.
1822 289 1906 335 imp.
1923 290 1981 326 dn.
2001 290 2188 327 Iustiniani
2211 302 2272 337 pp.
2291 291 2380 337 Aug.

157 338 251 408 agilo
269 337 439 408 {liniam
468 338 528 373 pp.
590 337 646 372 ug.
677 337 772 363 anno
919 356 926 363 .
951 337 1008 373 pc.
1066 338 1157 364 asin
1179 340 1235 416 iffi.-
1252 332 1397 417 &ginno
1420 331 1552 368 XXVI.
1578 343 1635 378 pc.
1660 334 1771 370 Bas111
1794 345 1847 370 vc.
1872 345 1967 371 anno
1990 336 2073 373 XII.

641 531 743 577 P—mz‘
1752 546 1928 583 chvn.
2112 547 2223 584 Auth.
2241 547 2383 585 cxxv.

154 609 291 644 ῼΣΤΕ
341 609 447 644 ΤΑΣ
499 609 939 645 ΕΠΟΦΕῙΛΟΜΕΝΑΣ
986 610 1236 646 ΛΟΙΠΑΔΑΣ
1306 611 1371 646 ΒΕ
1401 610 1626 656 RELIQUIS
1658 613 1875 650 PUBLIOIS
1904 614 2007 651 NON
2032 614 2300 653 EXIGENDIS
2319 615 2384 651 ΕΤ

154 655 277 688 'solz
316 654 573 689 ΕΠΑΡΧΟΙΣ
610 655 648 690 Η
685 656 808 690 ΤΑΙΣ
846 653 1164 691 LARGITIOEIN
1200 658 1238 691 H
1306 655 1373 691 DE
1415 656 1725 696 DISCUSSIONE
1762 659 2083 698 DIVERSARUM
2116 660 2382 698 AOTIONUM.

153 700 277 733 ΤΟΙΣ
311 699 591 734 ΠΡΙΒΑΤΟΙΣ
625 701 663 734 Η
694 701 784 736 'rm
814 700 949 735 θΕΙῼΙ
979 701 1237 736 ΠΑΤΡΙΜΟ-

152 744 258 778 ΝΙΩΙ
281 744 654 779 ΣΥΓΧΩΡΕΙΣΘΑῙ
685 747 749 780 ΕΝ
776 746 936 780 ΠΑΝΤῙ
965 747 1091 781 ΕΙΔΕΙ
1115 747 1293 781 AXP110

152 790 259 823 ΤΗΣ
296 789 670 824 ΠΑΡΕΛΘΟῩΣΗΣ
708 791 951 825 ΕΒΔΟΜΗΣ
989 792 1237 827 EIIINEMH·

331 834 462 869 ΣΕῼΣ
486 835 579 869 ΚΑΙ
604 835 783 869 ΑΥΤΗΣ
809 836 1059 871 ΟΦΕῙΛΕΙΝ.

149 898 187 935 Ὁ
211 896 318 935 αὐτὸς
340 899 509 944 βασιλεὺς
519 897 735 945 Ἀρεοβίνὸῳ
759 902 812 943 τῷ
839 899 1067 945 ἐνδοξοτάτῳ
1087 901 1233 947 ἐπάρχῳ

149 947 227 980 τῶν
262 945 370 990 ἱερῶν
404 950 642 991 πραιτωρίων
673 948 734 989 τῆς
757 943 833 980 ‘'E'w
865 949 924 980 καὶ
956 943 1031 981 ἀπὸ
1064 947 1235 990 ἐπάρχων

213 992 277 1033 τῆς
300 988 510 1035 εὐδαίμονος
533 991 665 1034 ταύτης
689 989 828 1026 πόλεως
851 994 913 1025 καὶ
935 991 1175 1040 στρατηλάτῃ.
1201 1039 1203 1041 ¹
1250 996 1291 1028 15

1580 903 1678 940 Idem
1700 905 1791 949 Aug.
1812 905 2031 942 Ariobindae
2054 917 2115 952 pp.

192 1058 505 1104 (Προοίμιον.)
546 1059 593 1092 Εἰ
616 1062 676 1093 καὶ
701 1057 863 1102 δαπάνης
887 1060 954 1094 νῦν
978 1058 1110 1103 πολλῆς
1134 1060 1234 1106 εἴπερ
1370 1060 1665 1108 (Praefatio.)
1709 1061 1791 1099 Etsi
1821 1071 1979 1107 expensa
2005 1061 2119 1098 multa
2146 1073 2244 1099 nune
2276 1074 2384 1110 super

149 1106 238 1138 ποτὲ
269 1105 322 1147 τῷ
354 1102 591 1145 πολιτεύματι
621 1102 685 1147 δεῖ,
711 1104 893 1148 τοσαύτην
914 1105 1091 1150 μεγέθους
1115 1103 1233 1139 ἐπίδο-
1302 1115 1408 1151 quam
1439 1107 1629 1150 aliquando
1663 1107 1881 1152 reipublicae
1904 1110 2057 1152 oportet,
2087 1110 2224 1144 tantam
2245 1111 2382 1154 magui-

148 1160 208 1183 σιν
235 1145 402 1193 εὐμενείᾳ
432 1148 586 1193 λαβόντι
617 1149 709 1182 θεοῦ
741 1152 801 1183 καὶ
829 1149 919 1194 πρὸς
950 1149 1018 1192 τὴν
1048 1151 1109 1191 τῆς
1132 1162 1233 1195 προς·
1302 1151 1434 1187 tudinis
1480 1152 1738 1196 praebitionem
1780 1152 1996 1197 benigniiate
2030 1153 2221 1198 accipienti
2255 1153 2313 1190 dei
2346 1155 2384 1191 et

148 1194 263 1236 θήκης
294 1190 493 1240 ἀναλογίαν
528 1197 601 1247 τοῖς
636 1197 894 1239 περικειμένοις
929 1194 1234 1250 προς-πολεμοῦντι
1302 1197 1483 1240 augmenti
1502 1197 1548 1231 ad
1564 1197 1738 1232 rationem
1755 1198 2049 1243 superimpositos
2066 1199 2285 1244 expugnanti
2298 1199 2383 1236 bar·

146 1239 354 1286 βαρβάροις,
386 1241 511 1274 πᾶσαν
543 1236 641 1283 ὅμως
664 1241 879 1283 ἐπινοοῦμεν
903 1238 1006 1284 ὁδον,
1031 1236 1079 1274 ais
1103 1237 1151 1274 ἂν
1175 1244 1234 1274 καὶ
1247 1243 1289 1276 20
1303 1240 1421 1285 baros,
1444 1251 1583 1277 omnem
1607 1245 1727 1278 tamen
1750 1242 1969 1287 providimus
1993 1242 2096 1288 viam,
2119 1246 2245 1288 utpote
2265 1247 2303 1280 et
2320 1253 2382 1280 ex·

146 1287 194 1318 τὰ
226 1286 289 1327 τῆς
320 1288 484 1330 χορηγίας
514 1282 683 1319 ἀκώλυτοι
713 1288 855 1331 γένοιτο
890 1288 950 1318 καὶ
973 1283 1086 1328 μηδὲν
1107 1285 1233 1331 φιλαν-
1302 1296 1495 1331 pensarum
1526 1297 1600 1323 11011
1624 1287 1806 1332 prohibiia
1828 1288 1918 1323 fiant
1940 1291 1977 1323 et
1998 1288 2099 1323 nulla
2116 1288 2383 1325 misericordiae

147 1330 318 1375 θρωπίας
353 1328 445 1364 εἶδος
480 1333 563 1372 περὶ
597 1330 681 1364 τοὺς
711 1328 893 1376 ὑποτελεῖς
927 1330 1009 1364 τοὺς
1047 1328 1234 1375 ἡμετέρους
1302 1332 1441 1376 species
1473 1331 1570 1368 circa
1593 1333 1773 1369 subiectos
1796 1336 1940 1369 nostros
1961 1332 2194 1377 relinquatur.
2241 1333 2383 1379 Quanta

147 1374 476 1419 παραλιμπάνοιτο.
525 1372 594 1408 ὅσα
628 1376 695 1418 μὲν
726 1377 791 1409 οὐν
823 1378 896 1409 τοῖς
928 1374 1099 1410 ἑκάστοτε
1128 1387 1231 1421 προς·
1303 1376 1413 1420 igitur
1445 1377 1594 1422 singulis
1613 1377 1926 1423 interpellantibus
1948 1377 2052 1414 nobis
2074 1380 2113 1414 et
2135 1378 2256 1415 debita
2276 1389 2382 1425 prae-

147 1421 265 1454 ιοῦσιν
288 1418 375 1475 ἡμῖν
398 1423 468 1473 καῖ’
478 1423 564 1466 χρέα
587 1422 874 1466 προτεινομένοις
891 1418 1048 1464 δημόσια
1066 1424 1126 1455 καὶ
1142 1419 1230 1455 ἀπο·
1300 1421 1530 1458 tendentibus
1553 1422 1701 1468 publica
1719 1426 1755 1458 et
1769 1422 1926 1468 inopiam
1941 1422 2152 1460 redditionis
2167 1427 2382 1478 praeparate

146 1469 229 1509 ρίαν
261 1466 323 1508 τῆς
351 1463 563 1499 αποδοσεως
587 1466 738 1510 ἑτοίμως
762 1464 1066 1510 φιλοτιμούμεθα,
1099 1469 1158 1500 καὶ
1182 1464 1230 1500 ὠς
1245 1468 1286 1501 25
1300 1476 1577 1511 remuneramus,
1602 1471 1637 1503 et
1652 1468 1805 1513 quanter
1820 1468 1940 1503 nullus
1958 1468 2237 1505 misericordlam
2252 1473 2381 1515 petens

145 1507 261 1544 οὗδεὶς
291 1509 575 1566 φιλανθρωπίας
606 1508 750 1553 δεηθεὶς
781 1509 962 1557 ἄπρακτος
994 1512 1032 1544 ἐκ
1063 1512 1126 1554 τῆς
1147 1510 1229 1555 ἦμε-
1299 1512 1376 1547 sine
1407 1514 1493 1548 actu
1524 1523 1547 1548 a
1576 1515 1702 1549 nostra
1732 1513 1882 1549 receSSst
1911 1513 2021 1557 facie,
2056 1512 2126 1549 hoc
2159 1513 2278 1550 dicere
2309 1524 2383 1551 11011

146 1559 249 1600 τέρας
281 1556 509 1600 ανεχιύρησεν
533 1554 664 1600 ὅψεως,
696 1557 805 1590 τοῦτο
828 1555 944 1602 λέγειν
967 1553 1030 1598 οὐχ
1053 1555 1229 1602 ἡμέτερόν
1297 1560 1461 1593 nostrum
1483 1560 1557 1601 est,
1588 1568 1654 1603 pro
1678 1558 1735 1594 his
1754 1557 1898 1603 scriptis
1922 1560 1960 1594 et
1980 1558 2068 1603 ipsis
2115 1558 2155 1594 ui
2176 1568 2381 1596 remunera·

146 1602 235 1645 ἐστι,
268 1602 343 1635 τῶν
371 1599 462 1646 ὑπὲρ
485 1598 616 1635 τούτου
638 1604 896 1647 γεγραμμένων
918 1600 1146 1647 γραμμάτων
1169 1604 1229 1635 καὶ
1297 1602 1412 1639 tiones
1437 1604 1653 1649 acceperunt
1673 1603 1928 1640 attestantibus
1950 1603 2066 1640 nobis.
2135 1603 2178 1640 ed
2200 1604 2284 1650 quia
2305 1614 2380 1642 mo·

145 1642 271 1680 αὐτῶν
300 1646 378 1680 τῶν
408 1646 473 1680 τὰς
500 1645 702 1691 φιλοτιμίας
725 1645 920 1689 λαβόντων
945 1645 1228 1694 ἐπιμαρτυρούν·

280 1737 364 1770 Νου.
386 1738 479 1771 CXL
491 1738 561 1771 VII
580 1738 636 1778 (=
648 1738 799 1771 Anthana
820 1737 980 1779 CXXV)
1007 1737 1132 1771 Graece
1154 1745 1242 1771 eaetat
1265 1739 1298 1772 in
1319 1739 1403 1772 ML.
1425 1757 1469 1762 -—
1492 1739 1582 1781 Epic.
1609 1739 1731 1772 Theod.
1759 1741 1834 1773 147.
1867 1765 1873 1771 .

143 1894 343 1932 vinciarum
365 1893 553 1940 praesides
577 1893 655 1940 leqe
677 1896 806 1929 nostra
822 1893 1039 1939 praemissa,
1064 1896 1105 1929 ut
1126 1893 1199 1940 ipsi
1221 1904 1293 1939 quo
1321 1904 1365 1930 ae
1386 1904 1431 1929 ea
1446 1897 1700 1940 coqnoscentes
1714 1894 1752 1929 in
1768 1892 1923 1941 sinqulis
1938 1894 2140 1933 civitatibus
2149 1899 2375 1942 proponant,

144 1950 224 1976 cum
246 1940 365 1976 sciant
387 1938 477 1976 liaeo
499 1949 642 1976 necesse
665 1949 741 1975 esse
760 1938 951 1975 observare
973 1949 1036 1975 eos
1059 1939 1281 1975 nostramin
1308 1938 1528 1986 iqnationem
1551 1939 1692 1975 veritos.

1170 2139 1360 2177 CXLVII.

148 2208 211 2244 UT
236 2207 458 2252 RELIQUA
487 2205 626 2251 QUAE
652 2205 933 2245 DEBENTUR
963 2206 1279 2245 PRAEFECTIS
1312 2206 1412 2244 VEL
1442 2202 1846 2245 LARGITIONIBUS
1875 2207 1975 2244 VEL
2005 2206 2253 2246 PRIVATIS
2280 2208 2380 2247 VEL

141 2253 300 2291 SACRO
330 2251 651 2290 PATRIMONIO
681 2253 743 2289 IN
773 2251 1711 2335 OMNfiIjffiEfkssIgffllbllleETlffNEI'ZQQPZ‘SAEIUE
1733 2254 1802 2290 AD
1824 2252 2191 2291 PRAETERJTAM
2213 2253 2379 2292 SEPTI-

141 2366 244 2403 Idem
267 2368 454 2413 Anqustus
476 2365 683 2404 Areobindo
713 2366 976 2413 qloriosissimo
1005 2366 1196 2447 prbaefegto
1226 2376 1334 2445 sacrt'o
1362 2366 1553 2447 przettorio
1580 2365 1735 2402 Orientis
1762 2369 1798 2402 et
1826 2366 2097 2413 expraefecto
2126 2364 2233 2402 huius
2254 2366 2377 2413 felicis

992 2423 1037 2446 ur
1061 2422 1093 2447 is
1118 2422 1138 2447 e
1176 2421 1293 2458 maqts
1308 2422 1351 2446 ro
1373 2422 1420 2447 mi
1437 2422 1448 2447 ι
1465 2422 1535 2447 um.

276 2480 543 2525 Praefatio.
592 2479 747 2516 Tametsi
778 2490 886 2523 nunc,
917 2481 950 2516 si
973 2490 1155 2526 umquam,
1187 2479 1308 2515 multis
1330 2479 1530 2526 sumptibus
1552 2489 1612 2515 res
1628 2478 1780 2526 publica
1803 2478 1952 2525 indiqet,
2007 2489 2076 2515 uae
2099 2481 2239 2515 tantam
2263 2480 2378 2517 inere-

140 2529 296 2562 mentum
321 2525 584 2571 magnitudinis
607 2525 664 2560 dei
688 2525 906 2572 beniqnitate
929 2525 1024 2571 cepit
1046 2528 1081 2560 et
1101 2535 1173 2571 pro
1197 2525 1341 2560 ratione
1363 2524 1581 2560 accessionis
1604 2523 1697 2560 bella
1720 2524 1984 2560 circumiacenti
2010 2534 2053 2559 us
2068 2523 2234 2560 barbaris
2249 2525 2377 2572 infert,

143 2576 261 2607 tamen
289 2581 412 2606 omnes
442 2571 519 2607 vias
549 2570 811 2616 excoqitamas,
839 2574 880 2606 ut
908 2574 943 2606 et
971 2580 1155 2616 expensae
1183 2570 1262 2605 sine
1292 2569 1545 2615 impedimento
1575 2569 1668 2614 fiant
1691 2572 1725 2606 et
1747 2569 1850 2605 nulla
1873 2568 2108 2605 humanitatis
2127 2580 2145 2604 s
2172 2570 2265 2606 ecies
2286 2581 2377 2623 erqa

140 2616 319 2652 subiectos
343 2619 489 2652 nostros
504 2616 828 2662 praetermittatur.
869 2616 988 2662 Atque
1011 2626 1120 2661 quam
1143 2614 1256 2650 multa
1279 2615 1325 2650 iis
1348 2615 1414 2660 qui
1434 2624 1577 2660 quoque
1602 2618 1761 2661 tempore
1783 2623 1852 2649 nos
1874 2613 2010 2650 adeunt
2031 2617 2068 2650 et
2084 2624 2139 2660 pu
2165 2613 2236 2651 lica
2258 2614 2378 2652 debita

141 2671 244 2696 suam
271 2672 315 2695 ue
345 2661 384 2695 in
410 2661 581 2696 solvendo
604 2661 765 2707 inopiam
787 2660 1041 2706 praetendunt,
1059 2664 1236 2706 prompto
1261 2660 1380 2695 animo
1403 2658 1619 2706 larqiamur,
1643 2663 1753 2705 utque
1775 2669 1879 2694 nemo
1903 2659 1969 2705 qui
1989 2658 2207 2695 humanitati
2229 2664 2380 2696 nostrae

140 2716 234 2752 supp
252 2706 359 2741 icavit
387 2716 429 2740 re
459 2706 597 2751 infecta
626 2717 650 2741 a
680 2710 874 2758 conspectu
905 2710 1032 2741 nostro
1064 2705 1286 2747 discesserit,
1317 2704 1385 2740 hoe
1416 2703 1536 2740 dicere
1565 2714 1640 2740 non
1668 2707 1833 2740 nostrum
1855 2708 1919 2745 est,
1953 2713 2033 2739 cum
2056 2703 2101 2739 de
2124 2703 2194 2740 hoc
2215 2705 2377 2752 scriptae

144 2750 285 2786 litterae
307 2754 414 2796 atque
437 2750 520 2797 ipsi,
545 2751 609 2796 qai
632 2750 865 2787 liberalitates
889 2751 1141 2798 impetrarunt,
1167 2750 1407 2787 testimonium
1431 2748 1534 2785 nobis
1553 2752 1751 2795 praestent.
1795 2747 1924 2784 Veram
1948 2748 2120 2795 quoniam
2143 2749 2317 2797 exiyuum
2341 2753 2378 2786 et

187 2921 208 2955 3
228 2920 295 2953 dat.
319 2919 378 2952 VI.
402 2918 447 2951 id.
472 2917 553 2951 Feb.
575 2929 595 2954 ς
624 2918 739 2952 datum
763 2916 791 2956 ς’
819 2922 1056 2964 φεβρουαρίου
1079 2919 1169 2961 Am]
1194 2919 1225 2952 d.

141 2966 188 2999 id.
212 2966 295 2999 febr.
320 2964 367 2997 M
380 2962 599 3007 ἐξεφωνήθη
622 2966 709 3006 μηνὶ
733 2967 961 3010 φεβρουαρίῳ
989 2965 1109 2998 Τήεοά.
1127 2964 1140 3008 ΙΙ
1158 2964 1225 2998 GP.

142 3030 185 3036 —
202 3010 304 3044 XXV
328 3021 348 3045 ς
378 3005 561 3052 βασιλείας
578 3003 834 3043 Ἰουστινιανοῦ
855 3010 954 3043 ἔτους
977 3007 1028 3046 κε’
1054 3010 1129 3043 Aila.
1154 3010 1226 3043 ἔτει

142 3056 195 3093 κς’
214 3056 335 3089 Theod.
358 3054 425 3087 CR.
451 3053 506 3085 dn.
531 3053 610 3087 iust.
634 3063 692 3096 pp.
716 3064 792 3096 aug.
819 3055 862 3088 M
886 3054 899 3099 ΙΙ
926 3057 944 3088 5
966 3065 1016 3097 po.
1043 3054 1150 3087 Basili
1174 3064 1225 3087 uo.

142 3113 196 3134 an.
221 3101 305 3134 XII.
331 3111 350 3136 ς
372 3097 463 3143 μετὰ
486 3097 557 3141 τὴν
580 3096 662 3139 (τὴν
685 3111 743 3132 om.
760 3100 894 3141 Theod.)
918 3095 1097 3133 ὑπατείαν
1113 3102 1224 3132 Βασι-

142 3145 238 3180 λείου
262 3143 480 3189 (βελισαρίου
504 3145 574 3177 cod.
597 3144 732 3185 Theod.)
755 3142 797 3177 τὸ
822 3139 870 3187 ιβ’
890 3145 964 3177 ΔεΙι.
987 3145 1105 3177 ΤΙιεοά.
1130 3144 1223 3177 basil.

143 3203 196 3224 uc.
221 3202 323 3224 conss.
349 3191 395 3223 M
420 3189 432 3233 ΙΙ
466 3192 483 3223 7
514 3191 602 3222 rubr.
635 3190 725 3233 Περὶ
754 3186 1008 3233 συγχωρήσεως
1038 3186 1226 3222 λοιπάδων

144 3235 330 3280 δημοσίων
355 3235 475 3268 ΤΙιεοιί.
499 3235 555 3277 (cf
580 3236 668 3267 rubr.
703 3246 775 3267 nov.
798 3235 895 3267 CXL
907 3234 1015 3275 VIII)
1043 3233 1056 3277 ΙΙ
1086 3230 1224 3278 ὀφειλο-

143 3284 250 3319 μένας
274 3283 371 3315 index
393 3280 440 3312 M
451 3279 463 3323 ΙΙ
480 3281 500 3314 8
521 3278 711 3321 largitiosin
735 3279 832 3312 index
856 3279 903 3311 M
918 3276 1153 3324 λαργιτιιῦσιν
1177 3281 1225 3312 in-

145 3329 206 3361 dex
231 3327 261 3359 L
285 3325 331 3359 λα
354 3327 509 3369 γιτίοσιν
533 3324 605 3357 ML
631 3325 663 3357 in
689 3330 774 3357 textu
791 3323 804 3367 ΙΙ
821 3325 841 3358 9
866 3322 1061 3367 προβάτοις
1082 3324 1179 3356 index
1194 3324 1225 3356 L

144 3372 155 3415 11
171 3338 397 3415 πατριμολίω
413 3383 464 3413 pr.
490 3381 565 3403 πατ
590 3366 764 3412 ιμοναλίω
782 3381 864 3401 corr.
883 3369 949 3401 ind.
965 3369 996 3401 L
1012 3367 1024 3411 ΙΙ
1046 3370 1086 3402 12
1106 3363 1226 3401 αὐτοῖς

145 3420 210 3451 ind.
237 3416 298 3460 Ln
318 3418 358 3450 13
391 3411 557 3459 ἆρρεοβίν
584 3427 613 3447 ω
638 3414 669 3447 L
688 3413 701 3457 ΙΙ
718 3415 760 3448 14
780 3409 871 3446 έώας
895 3414 926 3446 L
945 3411 958 3455 ΙΙ
977 3414 1017 3446 16
1043 3413 1100 3452 Εἰ]
1124 3409 1146 3454 ἦ
1171 3414 1223 3446 cit.

146 3464 268 3496 Theod.
294 3462 364 3495 cod.
392 3461 404 3504 ΙΙ
426 3458 607 3494 δαπάναις
624 3459 693 3492 νῦν
716 3456 863 3493 πολλαῖς
886 3458 917 3491 L
936 3456 949 3494 ΙΙ
964 3455 1057 3500 ἥπέρ
1080 3469 1168 3490 ποτε
1192 3458 1223 3490 L

145 3518 245 3551 super
270 3517 368 3548 quam
392 3507 427 3546 (ι’.
453 3518 478 3538 e.
504 3502 607 3549 ὑπὲρ)
632 3503 813 3546 aliquando
830 3503 878 3547 ςΙΙ
905 3505 943 3536 17
967 3501 1142 3547 μεγέθους
1165 3514 1223 3535 om.

144 3554 176 3586 L
200 3555 212 3597 ΙΙ
241 3554 281 3587 18
305 3551 386 3584 θεῶ
412 3551 461 3584 La
485 3549 498 3593 ΙΙ
526 3552 567 3585 19
591 3549 860 3593 superimpositos
884 3560 903 3586 ς
918 3547 931 3592 ΙΙ
956 3548 998 3581 20
1022 3544 1224 3590 βαρβάρους

145 3598 196 3631 La
222 3599 234 3639 1}
265 3598 306 3631 23
332 3593 455 3630 ὁπόσα
479 3595 510 3628 L
537 3594 550 3639 ΙΙ
579 3605 710 3638 προσιν
734 3596 806 3638 (sic)
830 3594 875 3628 M
895 3594 909 3638 ΙΙ
938 3594 981 3628 29
1009 3590 1223 3635 φιλοτιμίας]

144 3645 263 3685 τιμίας
286 3643 317 3675 L

1340 2920 1360 2952 3
1388 2920 1510 2953 subscr.
1530 2925 1702 2961 praestant
1725 2918 1934 2952 Pistoriensis
1956 2925 1987 2952 et
2008 2914 2276 2960 Escorialensisfl
2301 2926 2339 2949 oa
2365 2941 2373 2950 .

1296 2965 1374 2999 libri
1396 2963 1410 3008 ΙΙ
1434 2963 1511 2996 iust.
1535 2974 1592 3007 pp.
1616 2973 1687 3005 cog.
1712 2973 1766 2996 an.
1790 2963 1879 3005 (ante
1900 2962 1997 3004 Pisi.)
2020 2961 2122 2996 XXV
2139 2962 2219 2996 libri
2239 2960 2324 3002 (XX
2355 2961 2374 2995 1

1293 3006 1345 3043 ‘ex
1369 3004 1451 3042 mss?
1479 3009 1622 3050 Contius)
1638 3007 1650 3053 ΙΙ
1669 3010 1691 3041 4
1713 3018 1786 3051 pao.
1811 3007 1894 3041 Pist.
1913 3007 1925 3050 ΙΙ
1947 3007 2045 3040 basili
2067 3006 2164 3048 Pisa]
2189 3018 2247 3039 om.
2267 3007 2346 3039 Esc.
2362 3007 2375 3047 ss

1294 3065 1348 3089 an.
1370 3055 1446 3087 Esc.
1478 3055 1555 3085 ante
1579 3053 1660 3086 Pisi.
1690 3053 1703 3096 ΙΙ
1732 3053 1753 3085 6
1776 3063 1847 3085 nov.
1869 3052 1966 3085 CXL
1976 3051 2049 3086 VII
2063 3066 2103 3079 =
2118 3051 2215 3084 Auth.
2240 3051 2380 3085 CXXV

1295 3112 1353 3132 om.
1378 3099 1423 3140 R,
1446 3099 1530 3132 inter
1554 3103 1801 3140 extravaqanteae
1825 3097 1858 3129 in
1882 3097 2060 3139 appendice
2085 3098 2125 3129 ab
2147 3096 2212 3129 alio
2237 3095 2373 3147 librario

1293 3150 1456 3229 {25:530'3,
1471 3142 1810 3229 ‘iffssssffiniofviffi
1834 3139 2375 3230 'lsssissssss‘saff'mzfflaffvssz‘ssf'fi

1296 3235 1336 3267 17
1368 3233 1499 3275 oportet
1524 3232 1571 3271 T]
1605 3232 1652 3263 est
1682 3232 1815 3274 oportet
1837 3230 1873 3272 V,
1898 3240 1966 3263 esse
1988 3231 2119 3274 oportet
2141 3231 2228 3274 vulq.
2259 3230 2272 3273 ΙΙ
2298 3233 2372 3263 tan-

1294 3280 1366 3311 tum
1385 3277 1418 3310 T
1431 3275 1444 3319 ΙΙ
1461 3277 1502 3309 18
1525 3274 1732 3317 praebitione
1746 3276 1778 3308 T
1791 3275 1803 3319 ΙΙ
1821 3274 2038 3317 benignitatis
2059 3275 2115 3318 Vll
2131 3274 2326 3317 accipientis
2344 3275 2379 3309 V

1293 3321 1493 3364 accipientes
1518 3321 1556 3362 T,
1580 3333 1663 3354 corr.
1687 3321 1774 3365 vuly.
1804 3320 1817 3363 ss
1849 3322 1888 3355 19
1913 3319 2112 3362 *augmenti
2143 3320 2185 3353 ad
2211 3320 2267 3362 (ad
2289 3329 2372 3362 aug-

1292 3366 1396 3400 menti
1419 3366 1532 3408 vuly.)]
1557 3365 1727 3406 augmenti
1751 3367 1784 3398 et
1804 3366 1869 3399 VT
1891 3365 1903 3409 ΙΙ
1932 3366 2094 3399 rationem
2117 3366 2215 3410 vala]
2239 3364 2372 3408 patroni

1301 3412 1364 3445 VT
1389 3410 1648 3453 (proportionem
1673 3411 1866 3452 Heimbacln)
1898 3410 1911 3454 ΙΙ
1943 3420 2135 3454 expugnans
2168 3411 2254 3450 libri,
2286 3422 2370 3443 corr.

1292 3457 1377 3499 vulp.
1407 3455 1419 3498 ΙΙ
1449 3456 1491 3488 20
1514 3455 1740 3497 praeuidimus
1760 3456 1797 3497 V,
1822 3455 2032 3499 providemus
2055 3456 2141 3499 ναις.
2167 3454 2180 3498 ΙΙ
2208 3456 2247 3488 21
2275 3453 2371 3487 nulla

1291 3501 1391 3543 vulq.]
1416 3499 1544 3532 nullam
1570 3501 1602 3534 T
1620 3500 1753 3534 nullum
1774 3501 1809 3534 V
1824 3501 1836 3544 ΙΙ
1861 3502 1904 3535 22
1927 3500 2053 3545 species
2075 3500 2175 3544 vulq.]
2199 3508 2291 3543 spem
2311 3499 2375 3532 VT

1291 3546 1302 3588 Ιὶ
1317 3545 1528 3587 relinquatur
1548 3546 1592 3587 V}
1617 3545 1810 3587 relinquant
1835 3546 1868 3579 T
1887 3545 1900 3589 ΙΙ
1926 3547 1970 3580 24
1997 3545 2149 3589 inopium
2170 3542 2255 3588 VTu
2282 3543 2369 3577 redi-

1292 3590 1394 3623 tionis
1416 3593 1634 3632 praeparante
1661 3590 1716 3634 ΤΙΙ
1735 3592 1776 3625 27
1802 3590 1963 3633 scriptum
1988 3592 2021 3625 T
2033 3591 2046 3635 ΙΙ
2063 3591 2106 3624 28
2130 3588 2289 3623 utentibus
2312 3587 2368 3622 uel

1257 3637 1262 3673 Ι
1291 3635 1512 3669 atestantibus
1537 3636 1569 3669 T
1579 3636 1593 3680 fl
1610 3636 1774 3670 modicum
1794 3636 1882 3680 vulq.
