2592 3840
267 71 376 116 Nov.
405 72 548 115 XXVI
581 75 617 115 4.
650 76 676 114 5

268 180 335 226 τὴν
358 181 534 231 ἡμετέραν
557 180 749 230 ἀναφέρειν
771 183 921 230 γνῶσιν,
955 177 1044 216 ὦςτε
1075 178 1135 227 ἐφ’
1161 181 1212 217 οἶς
1234 196 1344 218 κατα-

269 226 446 273 δεέστεροι
466 229 545 263 τῶν
560 227 785 275 πραγμάτων
805 229 907 269 εἰσίν,
928 228 990 262 ἐπὶ
1005 226 1144 262 τούτοις
1164 226 1347 269 αὔξεσθαί

269 286 309 307 τε
340 275 400 306 καὶ
430 272 730 319 ἀναπληροῦσθαι
760 272 806 320 τῇ
838 272 899 315 τῆς
930 268 1100 316 ἡμετέρας
1131 270 1275 319 γνώμης
1305 287 1346 310 τε

269 321 330 351 καὶ
352 316 541 352 κελεύσεως
567 317 761 364 πρυςθὴκῃ.

1330 59 1449 117 208'

1913 86 1974 117 DE
2002 86 2236 118 PRAETORE
2263 86 2492 119 THRAGIAE

1415 184 1494 220 dem
1517 195 1581 230 per
1605 194 1643 221 se
1664 184 1850 229 corrigere,
1874 184 1946 220 alia
1967 195 2052 220 vero
2075 184 2245 220 velociter
2265 184 2312 221 ad
2331 188 2491 221 nostram

1412 229 1549 265 referre
1571 229 1746 272 notitiam,
1770 233 1809 265 ut
1831 229 1868 265 in
1893 229 2022 274 quibus
2043 228 2231 265 inferiores
2254 239 2374 265 rerum
2397 234 2491 273 sunt,

1413 274 1452 309 in
1474 274 1531 310 his
1554 276 1754 319 augeantur
1784 278 1819 310 et
1843 274 2105 320 adimpleantur
2130 277 2276 312 nostrae
2299 275 2492 312 voluntatis

1413 329 1458 355 ac
1481 320 1649 356 iussionis
1672 320 1882 356 adiectione.

1264 418 1422 455 CAPUT
1450 420 1495 457 V.

330 446 446 519 Ταὲτα
471 483 588 519 αὐτοῖς
620 488 678 518 καὶ
709 486 749 518 έν
775 486 847 518 τοῖς
869 482 1067 528 βασιλικοῖς
1096 485 1344 541 παραγγέλμςι-
1381 490 1400 521 5
1459 486 1560 522 Haec
1583 488 1634 522 eis
1657 487 1765 523 etiam
1787 487 2030 532 imperialibus
2049 487 2228 523 mandatis
2247 487 2433 525 subdimus
2456 490 2494 525 et

270 542 331 565 σιν
353 530 630 574 ὑποθησόμεθα,
655 532 714 563 καὶ
736 527 828 573 μετὰ
846 530 926 563 τῶν
941 526 1137 574 συμβόλων
1155 543 1247 565 αυτα
1267 544 1346 566 των

270 573 292 609 ἇ
315 577 428 618 χικῶν
459 572 697 619 ἐπιδώσομεν,
728 570 818 608 ὦςτε
844 577 1089 618 μεμνημένους
1118 576 1198 610 τῶν
1227 572 1346 624 ὅρκων

271 632 329 655 ους
352 618 517 666 ὑφέξουσι
548 622 607 653 καὶ
629 620 709 653 τῶν
730 616 936 662 ὑποθηκῶν
966 616 1006 653 ἃς
1037 617 1158 654 αὐτοῖς
1181 618 1346 665 δώσομεν

271 664 374 710 ἡμῶν
396 679 436 699 τε
460 667 518 699 καὶ
541 666 601 707 τῆς
624 661 792 709 ἡμετέρας
824 665 963 698 ἐννοίας
990 660 1096 705 ἀξίως
1127 664 1194 700 τὸν
1217 667 1347 700 οἰκεῖον

1416 542 1497 567 cum
1518 532 1688 568 codicillis
1712 543 1756 568 ea
1777 532 1909 578 cinguli
1933 532 2106 576 dabimus,
2132 535 2173 568 ut
2191 543 2364 570 memores
2386 534 2491 569 iuris-

1414 577 1568 620 iurandi,
1593 577 1688 622 quod
1710 578 1876 621 subeunt,
1901 581 1937 613 et
1959 578 2217 620 mandatorum,
2241 588 2334 623 quae
2352 578 2406 614 eis
2429 578 2491 614 da-

1414 622 1547 665 bimus,
1578 622 1683 667 digne
1706 622 1810 658 nobis
1840 627 2034 668 nostroque
2065 623 2214 659 consilio
2239 633 2341 659 suam
2362 623 2492 659 conde-

1416 671 1540 703 corent
1557 667 1677 709 vitam,
1699 671 1735 702 et
1754 671 1880 711 regant
1897 668 2077 713 cingulum
2097 679 2177 704 cum
2193 668 2330 712 legibus
2349 669 2493 705 nostris.

270 713 507 763 uavanoopaejv
530 713 611 762 ῥίον
642 712 702 742 καὶ
723 710 903 762 κυβερνᾶν
929 707 996 752 τὴν
1019 707 1131 765 ἀρχὴν
1154 709 1246 754 μετὰ
1270 712 1347 746 τῶν
1362 715 1402 747 10
1415 711 1516 748 Haec
1547 716 1631 747 sunt
1660 713 1699 747 in
1729 713 1859 757 quibus
1889 713 1942 749 eis
1971 713 2115 759 <damus
2144 713 2335 757 cingulum,
2369 714 2494 749 dantes

271 754 395 799 νόμων
426 768 502 789 των
532 756 725 799 ημετέρων.
778 755 898 788 Ταῦτα
928 755 1028 789 ἐστιν
1061 757 1106 801 ἐφ
1147 755 1198 791 οἷς
1229 753 1348 791 αὐτοῖς

271 798 517 854 παραδίδομεν
539 798 605 842 τὴν
629 796 750 844 ἀρχήν,
775 797 937 834 διδόντες
959 797 1095 842 αὐτοῖς,
1128 798 1176 835 ὦς
1199 801 1347 847 εἴρηται,

271 848 330 879 καὶ
353 846 415 879 τοῦ
435 843 592 886 δικάζειν
614 840 765 878 ἅπασαν
786 844 953 885 ἐξουσίαν
975 849 1206 891 χρηματικαῖς
1229 860 1268 881 τε
1287 848 1347 880 καὶ

271 888 538 935 ἐγκληματικαῖς
560 891 620 922 καὶ
644 887 777 923 πάσαις
801 886 926 924 ἁπλῶς
946 886 1165 933 ὑποθέσεσι,
1197 894 1257 925 καὶ
1281 890 1348 933 τὴν

1416 757 1495 802 eis),
1516 757 1612 793 sieut
1628 757 1763 792 dictum
1780 761 1844 800 est,
1865 760 1904 793 et
1922 758 2105 794 iudicandi
2125 769 2263 794 omnem
2281 762 2495 803 potestatem

1415 801 1453 837 in
1485 802 1701 846 pecuniariis
1731 805 1766 837 et
1798 802 2040 839 criminalibus
2071 806 2108 838 et
2137 803 2302 839 omnibus
2329 804 2495 840 absolute

1416 848 1577 891 negotiis,
1609 851 1646 882 et
1668 847 1944 892 appellationem
1975 848 2026 884 eis
2057 848 2214 883 oblatam
2243 848 2290 883 ad
2311 848 2494 894 gloriosis·

1417 891 1525 927 simos
1560 894 1704 927 nostros
1735 892 1940 937 praefectos
1975 895 2014 929 et
2044 903 2109 938 per
2138 896 2279 945 tempus
2313 893 2494 939 gloriosis-

270 934 439 977 ἔκκλητον
469 933 535 977 τὴν
567 931 687 968 αὐτοῖς
715 932 972 978 ἐπιδιδομένην
1003 937 1064 970 ἐπὶ
1095 935 1179 990 τοὺς
1206 934 1347 976 ἐνδοξο-
1364 939 1402 971 15
1417 937 1546 972 simum
1580 937 1730 981 perduci
1764 941 2009 981 quaestorem,
2048 940 2282 973 commumter
2315 939 2496 982 negotium

271 978 396 1013 τάτους
420 976 522 1023 ἡμῶν
541 979 712 1026 ἐπάρχους
734 982 795 1012 καὶ
814 978 882 1013 τὸν
897 976 1137 1020 ἐνδοξότατον
1155 995 1258 1028 αγειν
1277 993 1347 1015 κοι-

271 1028 443 1067 αίστωρα,
474 1025 575 1070 κοινῇ
598 1026 660 1067 τῆς
682 1021 895 1058 ὑποθέσεως
917 1021 1166 1072 ἀκροωμένους
1188 1025 1281 1060 κατὰ
1304 1024 1346 1059 τὸ

268 1070 346 1103 τῶν
369 1071 417 1103 εἰς
440 1067 481 1103 τὸ
506 1069 612 1103 θεῖον
640 1071 784 1113 τέμενος
814 1070 1053 1117 εἰςαγομένων
1082 1069 1196 1105 δικῶν
1220 1072 1345 1115 σχῆμα.

269 1115 315 1148 Εἰ
336 1112 377 1148 δέ
396 1125 450 1148 τις
473 1113 564 1147 κατὰ
586 1113 667 1149 τοὺς
690 1114 822 1149 τόπους
845 1116 998 1149 ἐκείνους
1021 1117 1186 1161 ἐφέσιμος
1206 1119 1347 1163 γένοιτο

1416 981 1602 1017 audientes
1626 982 1821 1017 secundum
1850 982 2002 1026 figuram
2033 982 2080 1018 ad
2109 993 2251 1018 sacrum
2279 982 2496 1019 auditorium

1415 1027 1758 1063 introducendarum
1789 1037 1993 1063 causarum.
2047 1027 2086 1063 Si
2116 1037 2188 1073 qua
2218 1037 2303 1064 vero
2337 1038 2402 1073 per
2433 1029 2495 1064 illa

1415 1071 1499 1107 loca
1522 1072 1588 1107 sub
1613 1072 1889 1117 appellationem
1912 1072 1977 1108 fiat
2001 1082 2112 1109 causa
2134 1073 2407 1118 quingentorum
2429 1073 2494 1109 mi-

1416 1126 1483 1151 nor
1506 1127 1713 1161 aureorum,
1749 1121 1812 1153 aut
1842 1118 1950 1153 etiam
1985 1127 2033 1153 ex
2066 1118 2287 1163 delegatione
2321 1118 2395 1155 sive
2428 1119 2494 1155 im-

269 1157 348 1201 δίκη
380 1160 458 1193 τῶν
489 1163 741 1193 πεντακοσίων
771 1158 935 1212 ἐλάττων
965 1172 1120 1206 χρυσων,
1153 1161 1185 1215 εξ
1215 1164 1276 1195 καὶ
1307 1163 1347 1194 ἐκ
1361 1164 1403 1197 20
1415 1162 1541 1206 periali
1571 1164 1636 1197 aut
1658 1162 1817 1198 iudiciali
1840 1162 1897 1206 sit,
1929 1165 1966 1199 et
1989 1163 2046 1199 cui
2078 1173 2189 1199 causa
2220 1163 2407 1199 commissa
2439 1167 2496 1199 est

269 1205 512 1250 παραπομπῆς
533 1201 555 1247 ἢ
578 1203 762 1248 βασιλικῆς
786 1218 808 1248 η
830 1202 972 1251 ἀρχικῆς
996 1206 1059 1248 εἴη,
1080 1209 1140 1239 καὶ
1162 1219 1182 1239 o
1207 1204 1274 1249 τὴν
1297 1204 1349 1239 δί-

268 1263 334 1292 κην
355 1251 562 1294 ἐπιτραπεὶς
593 1246 657 1283 οὐκ
690 1250 743 1292 εἴη
776 1249 1030 1295 σπεκταβίλιος
1061 1248 1248 1294 δικαστής,
1280 1250 1348 1293 τὴν

269 1291 339 1329 ἀπ’
367 1296 514 1328 ἐκείνων
537 1296 616 1328 τῶν
639 1293 768 1330 τόπων
791 1293 962 1338 ἔκκλητον
994 1292 1054 1330 ἐπ’
1082 1293 1196 1330 αὐτὸν
1218 1299 1348 1343 χωρεῖν

267 1343 327 1374 καὶ
359 1336 501 1373 ἀκούειν
531 1337 643 1374 αὐτὸν
675 1337 723 1374 ὠς
753 1340 917 1392 ἐνὶθείῳ
951 1344 1099 1394 τεμένει.
1147 1342 1348 1395 κοσμοῦμεν

1416 1217 1489 1241 non
1513 1207 1561 1242 sit
1579 1207 1785 1251 spectabilis
1809 1208 1929 1250 iudex,
1953 1209 2000 1244 ab
2019 1208 2089 1244 illis
2110 1208 2200 1244 locis
2219 1209 2496 1253 appellationem

1418 1252 1464 1287 ad
1499 1262 1579 1287 eum
1609 1253 1740 1296 venire,
1773 1256 1810 1288 et
1839 1254 1964 1289 audire
1999 1263 2079 1289 eum
2114 1255 2296 1298 tamquam
2325 1254 2364 1289 in
2391 1264 2496 1291 sacro

1417 1296 1608 1332 auditorio.
1654 1297 1876 1334 Decoramus
1900 1299 1993 1334 enim
2016 1299 2050 1334 ei
2069 1298 2176 1334 etiam
2200 1299 2270 1334 hoc
2292 1298 2398 1335 modo
2419 1300 2495 1335 cin-

1416 1343 1549 1386 gulum,
1575 1345 1611 1378 et
1633 1343 1784 1378 similem
1807 1344 1973 1388 ponimus
1997 1343 2186 1389 spectabili
2203 1343 2323 1379 comiti
2338 1344 2495 1380 Orientis

267 1384 337 1439 χὰρ
373 1381 481 1419 αὐτοῦ
521 1387 580 1418 καὶ
616 1384 735 1428 τούτῳ
752 1394 757 1398 ’
775 1398 843 1428 την
882 1384 997 1431 ἀρχην
1033 1400 1087 1441 τᾳ)
1122 1399 1248 1432 τροπῳ
1272 1389 1348 1440 ξ’καὶ
1362 1390 1402 1422 25
1417 1390 1454 1422 et
1476 1389 1790 1431 proconsulatibus
1814 1391 1852 1424 et
1875 1389 2064 1424 comitibus
2088 1389 2264 1433 Phrygiae
2290 1391 2398 1434 atque
2422 1389 2494 1425 Ga-

268 1433 397 1473 ομοίαν
426 1430 578 1472 τίθεμεν
609 1431 663 1474 τῷ
695 1443 735 1464 τε
764 1429 996 1476 περιβλέπτῳ
1028 1444 1158 1475 κομητι
1187 1433 1249 1475 τῆς
1283 1435 1347 1465 Εω

268 1478 346 1509 ταῖς
367 1487 408 1508 τε
431 1471 697 1510 ἅνθυπατείαις
724 1478 799 1510 τοῖς
828 1489 868 1509 τε
891 1475 1021 1520 κόμησι
1048 1479 1202 1524 Φρυγίας
1224 1490 1265 1511 τε
1288 1479 1347 1510 καὶ

270 1518 460 1562 Γαλατίας,
480 1517 568 1554 ὥςτε
586 1523 646 1555 καὶ
664 1517 776 1564 αὐτὴν
793 1521 885 1555 εἶναι
906 1522 1156 1565 spectabilium
1175 1520 1348 1569 καθάπερ

269 1567 412 1606 ἐκεῖναι,
436 1568 495 1599 καὶ
519 1568 579 1600 ἐπὶ
602 1563 730 1600 τούτου
752 1566 816 1619 τοῦ
840 1564 1017 1611 σχήματος
1041 1565 1208 1601 ἑστάναι·
1240 1564 1347 1602 οὐδὲν

1416 1432 1536 1477 latiae,
1561 1435 1603 1468 ut
1623 1437 1659 1468 et
1678 1434 1757 1478 ipsa
1780 1434 1990 1479 spectabilis
2014 1434 2108 1470 sicut
2130 1435 2213 1469 illae
2235 1434 2274 1469 in
2292 1434 2385 1470 hanc
2405 1434 2495 1479 figu-

1416 1487 1494 1513 ram
1518 1479 1712 1514 consistat:
1748 1479 1836 1514 nihil
1860 1480 1929 1515 hac
1952 1481 2078 1515 nostra
2099 1479 2178 1523 lege
2201 1478 2389 1515 clarissimi
2410 1489 2494 1524 pro-

1416 1523 1553 1559 vinciae
1583 1523 1711 1559 iudicis
1743 1524 1925 1560 minuente
1956 1523 2308 1566 administrationem,
2339 1523 2403 1560 sed
2432 1523 2494 1561 illo

1414 1568 1453 1604 in
1476 1568 1555 1604 aliis
1578 1569 1782 1613 provinciae
1812 1569 1900 1606 locis
1932 1574 2061 1614 agente
2091 1579 2184 1613 quae
2206 1568 2355 1615 propria
2376 1569 2495 1613 legum

268 1608 373 1644 τοῦδε
397 1607 499 1654 ἡμῶν
521 1612 584 1644 τοῦ
608 1611 719 1655 νόμου
742 1625 810 1654 την
833 1612 901 1665 τοῦ,
923 1610 1178 1666 λαμπροτάτου
1201 1613 1263 1656 τῆς
1285 1615 1345 1648 ἐπ·
1360 1615 1403 1648 30
1416 1617 1512 1656 sunt,
1552 1613 1622 1649 hoc
1657 1618 1776 1650 autem
1813 1615 1852 1650 in
1889 1615 2017 1667 quibus
2055 1618 2295 1651 commoratur
2330 1614 2495 1660 partibus

269 1659 392 1701 αρχίας
422 1654 592 1700 ἄρχοντος
621 1656 854 1691 ἐλαττοῦντος
881 1669 1003 1703 αρχην,
1036 1654 1118 1691 ἀλλ’
1146 1658 1283 1692 ἐκείνου
1307 1671 1347 1693 τε

269 1702 310 1734 ἐν
332 1703 405 1734 τοῖς
427 1698 545 1735 ἄλλοις
575 1703 636 1744 τῆς
659 1703 830 1748 ἐπαρχίας
858 1701 982 1736 τόποις
1005 1701 1231 1749 πράττοντος
1253 1699 1347 1749 ἅπερ

269 1743 345 1779 ἴδια
367 1747 445 1779 τῶν
464 1743 589 1789 νόμων
609 1748 696 1787 ἐστί,
720 1746 849 1781 τούτου
873 1760 913 1781 τε
933 1749 974 1781 ἐν
992 1747 1043 1781 οἷς
1062 1746 1205 1794 ἵδρυται
1223 1751 1347 1795 μέρεσι

268 1789 336 1834 τὴν
351 1792 632 1836 έπιτεταγμένην
651 1790 751 1835 αὐτῷ
772 1789 864 1837 παρ’
880 1788 984 1847 ἡμῶν
1001 1791 1223 1845 πληροῦντος
1239 1806 1345 1839 φρον-

1417 1658 1641 1695 commissam
1654 1659 1736 1704 ,sibi
1759 1670 1782 1695 a
1804 1660 1909 1697 nobis
1931 1660 2101 1706 implente
2123 1658 2409 1697 sollicitudinem.

268 1837 290 1870 1
336 1833 429 1870 τῖδα.
472 1832 757 1880 Ῥποτεθήσεται
777 1835 818 1871 δὲ
836 1850 911 1884 παρ
949 1850 1054 1893 ypram
1074 1840 1134 1872 καὶ
1153 1837 1348 1893 1ἀπογραφὴ
1360 1841 1402 1875 35
1415 1841 1451 1891 l·
1493 1838 1663 1875 Subditur
1688 1842 1809 1875 autem
1841 1850 1864 1875 a
1892 1839 1996 1876 nobis
2027 1842 2064 1875 et
2087 1839 2281 1884 descriptio
2311 1838 2396 1874 huic
2425 1838 2496 1883 legi

268 1878 365 1924 τῷδε
392 1882 445 1924 τῷ
467 1879 568 1925 νόμῳ
590 1881 738 1929 λέγουσα
769 1886 808 1917 τί
828 1884 895 1926 μὲν
919 1896 1019 1926 αυτῳ
1051 1894 1217 1930 προςηκει
1245 1897 1346 1930 χορη-

267 1929 345 1972 γεῖν
368 1924 545 1973 προφάσει
568 1929 645 1962 τῶν
668 1926 863 1971 συμβόλων
891 1928 952 1972 τῆς
975 1924 1092 1973 ἀρχῆς,
1124 1932 1164 1963 τί
1186 1926 1226 1963 δὲ
1249 1933 1345 1973 κομί-

271 1970 402 2013 ζεσθαι
434 1968 545 2006 αὐτόν
575 1985 615 2006 τε
645 1975 705 2006 καὶ
728 1970 810 2007 τοὺς
839 1976 922 2019 περὶ
952 1970 1065 2007 αὐτὸν
1088 1975 1128 2007 ἐκ
1150 1974 1215 2008 τοῦ
1239 1972 1346 2019 δημο-

269 2019 346 2050 σίου
376 2015 469 2050 κατὰ
496 2015 564 2060 τὴν
598 2019 677 2052 τῶν
712 2017 888 2061 σιτήσεων
924 2017 995 2062 πρό
1026 2029 1126 2052 ασιν·
1163 2015 1257 2065 ἅπερ
1287 2021 1347 2053 καὶ

268 2060 363 2105 μόνα
394 2059 592 2106 λαμβάνειν
622 2060 740 2097 αὐτοῖς
764 2066 910 2109 ἐφίεμεν
940 2032 1024 2097 ἀλλφ

270 2104 348 2140 δους
367 2103 614 2151 ἀπεχομένους.
649 2106 709 2143 διὰ
726 2110 832 2142 τοῦτο
847 2108 918 2155 γὰρ
935 2111 996 2143 καὶ
1017 2112 1249 2156 σεμνοτέρους
1268 2122 1346 2145 ποι-

241 2166 247 2170 ·
268 2151 376 2195 οὗμεν
399 2148 526 2186 αὐτοὺς
546 2157 726 2200 χορηγίαις
743 2155 916 2197 μείζοσιν,
946 2155 1007 2188 ἵνα
1035 2157 1096 2188 καὶ
1128 2152 1232 2189 αὐτοὶ
1261 2152 1345 2189 ταύ-

268 2209 336 2239 την
365 2194 451 2241 ἡμῖν
481 2199 542 2232 ἐπὶ
573 2199 651 2233 τῶν
679 2201 798 2246 ἔργων
826 2196 1046 2233 ἀντιδιδοῖεν
1082 2199 1152 2243 τὴν
1181 2196 1349 2244 ἀμοιβήν,

1416 1883 1556 1927 dicens,
1613 1884 1673 1919 uid
1702 1884 1844 1928 quidem
1874 1894 1956 1920 eum
1986 1889 2167 1929 competat
2192 1883 2366 1929 praebere
2389 1893 2494 1920 occa-

1417 1929 1516 1965 sione
1540 1940 1583 1965 co
1611 1929 1787 1965 'cillorum
1818 1929 2146 1973 administrationis,
2177 1929 2264 1975 quid
2291 1932 2410 1965 autem
2432 1938 2495 1965 ac-

1417 1974 1538 2020 cipere
1554 1984 1636 2010 eum
1659 1977 1697 2010 et
1715 1976 1777 2020 qui
1797 1975 1895 2010 circa
1918 1985 1998 2011 eum
2021 1977 2107 2011 sunt
2129 1974 2174 2011 de
2192 1973 2281 2011 fisco
2299 1974 2494 2026 secundum

1416 2029 1638 2055 annonarum
1671 2020 1906 2055 occasionem.
1954 2020 2054 2065 Quae
2085 2020 2192 2056 etiam
2221 2019 2300 2055 sola
2331 2028 2495 2064 acc1pere

1008 2067 1084 2097 οίου
1110 2063 1249 2099 παντὸς
1271 2067 1347 2111 κέρ-
1361 2066 1403 2099 40
1416 2074 1478 2100 eos
1496 2065 1643 2100 sinimus
1661 2065 1733 2100 alio
1749 2065 1850 2100 lucro
1867 2065 2014 2110 penitus
2029 2064 2260 2101 abstinentes.
2298 2063 2495 2109 Propterea

1415 2109 1511 2145 enim
1533 2120 1595 2146 eos
1617 2109 1842 2146 honestiores
1874 2109 2026 2146 facimus
2049 2109 2262 2156 praebendis
2290 2109 2494 2151 maioribus,

1413 2158 1455 2191 ut
1485 2158 1522 2191 et
1551 2154 1624 2201 ipsi
1651 2155 1748 2191 hanc
1776 2155 1880 2191 nobis
1911 2155 1949 2190 in
1981 2155 2149 2201 operibus
2176 2153 2376 2191 retribuant
2399 2164 2494 2191 com-

268 2288 366 2324 ultro
397 2288 618 2335 castiyandi,
649 2287 726 2324 alia
756 2288 828 2324 cito
860 2289 899 2324 in
929 2292 1092 2326 nostram
1119 2289 1286 2326 notitiam
1309 2289 1547 2337 perferendi,
1578 2294 1636 2333 ut,
1668 2290 1730 2327 ubi
1759 2290 1867 2327 rebus
1896 2290 1972 2336 ipsi
1995 2289 2155 2336 impares
2184 2288 2270 2331 sint,
2299 2288 2351 2325 ibi
2379 2289 2495 2326 incre-
2559 2286 2563 2287 ⁷

268 2338 386 2370 mento
409 2339 445 2369 et
466 2344 508 2369 su
534 2333 713 2380 plemento
737 2337 890 2369 utantur
911 2334 1056 2370 consilii
1079 2338 1115 2371 et
1136 2335 1309 2371 iussionis
1331 2339 1480 2371 nostrae
1502 2335 1719 2372 accessione.

402 2378 446 2414 V.
495 2344 597 2415 Zaec
618 2378 665 2414 iis
687 2378 795 2414 etiam
822 2378 864 2430 in
882 2379 1135 2430 imperialibus
1163 2379 1345 2416 mandatis
1372 2380 1660 2427 praecipiemus,
1695 2391 1809 2426 eaque
1831 2390 1907 2415 una
1929 2378 2237 2431 cum-insiqnibus
2258 2379 2494 2433 magistrats&

269 2424 523 2471 impertiemus,
555 2428 598 2460 ut
618 2434 793 2460 memores
815 2424 1055 2460 iumsturandi
1078 2424 1180 2471 quod
1198 2424 1440 2472 praestabunt
1470 2430 1506 2461 et
1521 2429 1806 2473 praeceptorum
1838 2435 1933 2471 quae
1955 2434 2047 2471 ipsis
2070 2423 2235 2460 dabimus
2260 2424 2369 2477 diqne
2391 2423 2494 2477 nobis

269 2480 313 2505 ac
336 2474 462 2505 nostra
485 2469 670 2505 voluntate
692 2469 801 2504 vitam
823 2479 926 2504 suam
948 2469 1136 2506 instruant
1156 2475 1194 2506 et
1215 2471 1468 2516 maqistratum
1489 2469 1684 2507 secundum
1710 2470 1807 2517 leqes
1829 2473 1976 2505 nostras
1997 2468 2206 2515 qubernent.
2260 2468 2330 2505 His
2351 2468 2496 2516 quadan

270 2513 541 2550 condicionibus
561 2513 817 2560 magistratum
848 2513 895 2549 iis
923 2514 1118 2557 tradimus,
1151 2526 1290 2551 omnem
1314 2519 1536 2563 potestatem
1560 2515 1702 2559 iisdem,
1734 2515 1789 2551 uti
1811 2514 1947 2550 dictum
1969 2517 2039 2556 est,
2072 2513 2268 2551 tribuentes
2296 2518 2334 2551 et
2361 2513 2408 2551 de

271 2559 444 2594 cuniariis
472 2564 508 2595 et
537 2558 583 2595 de
605 2557 852 2595 criminalibus
882 2562 920 2595 et
947 2559 1110 2595 omnibus
1141 2561 1287 2596 omnino
1317 2561 1436 2596 causes
1458 2560 1656 2603 iudicandi,
1688 2564 1799 2607 atque
1821 2558 2104 2607 appellationem
2135 2558 2238 2606 apud
2258 2559 2360 2606 ipsos
2390 2559 2399 2567 ‘

267 2604 426 2650 positam
456 2603 505 2639 ad
533 2603 819 2650 qloriosissimos
846 2608 994 2640 nostros
1016 2605 1232 2651 praefectos
1262 2608 1299 2641 et
1327 2605 1630 2652 qloriosissimum
1660 2608 1891 2652 quaestorem
1921 2603 2128 2655 deferendi³
2159 2605 2225 2651 qm·
2241 2615 2318 2641 una
2347 2614 2494 2642 causam
2551 2612 2556 2643 ἰ.

271 2648 423 2684 audiant
441 2648 635 2690 seeundum
651 2649 813 2695 formam
835 2648 950 2684 litium
970 2660 1064 2695 quae
1084 2649 1134 2685 ad
1148 2661 1293 2686 sacrum
1315 2650 1538 2687 auditorium
1558 2650 1785 2702 deferuntur.
1832 2648 1874 2686 Si
1893 2660 1988 2702 quae
2007 2660 2092 2685 vero
2111 2659 2151 2685 m
2173 2649 2264 2686 locis
2278 2648 2353 2686 illis
2369 2647 2496 2702 appel:

274 2694 361 2729 latio
383 2695 451 2739 fiat
478 2694 517 2729 in
549 2694 612 2731 lite
634 2693 843 2741 quinqentis
866 2694 989 2729 aureis
1018 2694 1168 2737 minore,
1202 2696 1343 2731 etiamsi
1374 2707 1424 2732 ex
1446 2695 1674 2743 deleqattone
1703 2694 1886 2748 imperiali
1911 2705 1987 2730 seve
2011 2693 2174 2730 iudiciali
2194 2694 2253 2738 sit,
2287 2694 2359 2730 nisi
2380 2705 2415 2730 ιι·
2436 2704 2493 2732 om
2552 2712 2553 2717 ¹
2582 2696 2592 2707 ⁵

272 2748 382 2774 causa
405 2739 594 2774 commissa
627 2743 682 2775 est
702 2749 721 2774 s
747 2738 910 2775 ectabilis
932 2738 1046 2775 iudex
1067 2740 1114 2774 sit
1122 2745 1144 2782 ,·
1165 2740 1366 2787 appellatio
1390 2751 1440 2778 ex
1462 2741 1537 2776 illis
1560 2740 1649 2777 locis
1677 2740 1728 2777 ad
1749 2740 1851 2776 illum
1874 2739 1994 2776 veniat
2023 2750 2174 2786 eamque
2201 2739 2282 2786 ipse
2313 2743 2494 2786 tamquam

272 2783 312 2818 in
330 2794 435 2819 sacro
455 2783 638 2820 auditorio
657 2795 706 2819 au
733 2784 795 2819 iat.
842 2782 938 2819 Nam
960 2782 1030 2819 hoe
1078 2794 1126 2820 uo
1153 2795 1198 2820 ue
1220 2785 1327 2821 modo
1350 2787 1602 2833 maqistratum
1625 2787 1703 2822 eius
1725 2796 1897 2821 ornamus
1919 2788 2029 2831 atque
2051 2783 2238 2836 aequalem
2256 2783 2440 2821 reddinms
2458 2787 2497 2821 et

272 2827 458 2875 spectabili
481 2830 605 2865 comiti
627 2828 784 2866 Orientis
805 2833 842 2865 et
861 2794 1151 2880 proconsuZztibq
2389 2874 2398 2882 ·
2439 2873 2447 2881 ·
2485 2873 2495 2882 ‚

273 2872 568 2919 quemadmodum
599 2874 656 2910 illi
676 2878 713 2910 et
734 2872 804 2909 liae
826 2883 946 2920 specie
971 2877 1106 2909 utatur.
1155 2873 1282 2920 Neque
1306 2879 1425 2912 tamen
1447 2875 1524 2911 ullo
1547 2875 1655 2912 modo
1679 2875 1769 2911 haec
1791 2879 1920 2911 nostra
1943 2874 2007 2910 lex
2028 2876 2281 2921 mayn-tratum
2304 2873 2492 2911 clarissim

266 2917 482 2964 provinciae
496 2918 680 2964 praesidis
699 2919 888 2961 imminuit,
917 2917 983 2954 sed
1003 2922 1046 2954 ut
1068 2918 1130 2954 ille
1151 2918 1190 2953 in
1213 2919 1364 2965 reliquis
1380 2921 1597 2967 provinciae
1629 2920 1719 2957 locis
1752 2930 1846 2967 quae
1865 2919 2023 2967 propria
2052 2918 2170 2972 lequm
2198 2922 2285 2955 sunt
2313 2923 2410 2966 aqet,
2439 2918 2494 2955 ita

272 2964 294 2999 1
347 2961 405 2997 Mo
427 2963 466 2997 in
490 2963 618 3008 quibus
641 2964 860 3000 constitutus
889 2968 944 2999 est
965 2962 1138 3015 partibus
1168 2964 1342 3000 mandata
1370 2966 1404 3000 ei
1425 2977 1450 3001 a
1471 2966 1576 3002 nobis
1606 2977 1696 3002 cura
1725 2966 1912 3012 funqetur.
2006 2962 2212 3000 Subicietur
2234 2974 2319 3000 vero
2346 2974 2370 3000 a
2392 2962 2495 3000 nobis

274 3006 357 3043 kuic
385 3007 456 3053 leqi
486 3008 593 3043 etiam
621 3008 816 3055 descriptio
840 3019 936 3055 quae
958 3007 1110 3051 indicet,
1142 3007 1232 3054 quid
1261 3008 1404 3055 quidem
1435 3010 1553 3056 ipsum
1578 3022 1654 3058 pro
1677 3009 1879 3057 insignibus
1907 3009 2146 3056 maqistratus
2161 3013 2374 3055 praestare,
2406 3006 2496 3056 quad

273 3058 393 3088 autem
416 3056 452 3088 et
468 3052 585 3104 ipsum
609 3058 645 3089 et
663 3064 725 3089 eos
746 3054 811 3099 qm·
832 3054 931 3089 circa
954 3064 1034 3089 eum
1051 3056 1138 3089 sunt
1159 3063 1209 3089 ex
1258 3064 1320 3088 sco
1345 3065 1572 3091 annonarum
1595 3056 1740 3092 nomine
1760 3055 1949 3102 percipere
1964 3057 2153 3101 oporteat:
2175 3064 2271 3106 quae
2286 3054 2395 3090 etiam
2412 3051 2493 3105 sol!

273 3098 438 3144 accipere
460 3108 505 3148 τις
522 3098 765 3144 permittimus
789 3099 886 3134 omni
908 3098 1049 3145 reliquo
1075 3097 1176 3133 lucro
1200 3108 1223 3132 a
1246 3098 1470 3135 stinentibus.
1524 3100 1730 3147 Propterea
1753 3101 1847 3142 enim
1870 3100 1978 3135 etiam
2000 3097 2266 3145 splendidiores
2287 3108 2351 3135 eos
2373 3095 2492 3134 reddu-
2543 3096 2549 3141 j
2574 3117 2584 3131 -.

274 3154 352 3178 mus
370 3141 518 3177 salariis
540 3143 786 3189 amplioribus,
811 3148 852 3179 ut
873 3148 909 3180 et
927 3144 1000 3191 ipsi
1023 3142 1118 3179 hanc
1141 3142 1245 3178 nobis
1267 3144 1592 3181 remunerationem
1613 3146 1704 3192 ipsis
1726 3144 1833 3181 rebus
1851 3148 2052 3191 praestent,
2072 3154 2154 3179 cum
2169 3142 2333 3179 subditos
2350 3146 2494 3180 nostros

318 3247 339 3279 9
363 3242 501 3278 ιῦνοίας
516 3245 552 3278 Β
570 3242 583 3288 11
598 3242 755 3284 ἀξίωσον
767 3246 815 3278 L¹
832 3245 844 3288 ΙΙ
864 3248 904 3280 10
926 3243 1017 3289 μετὰ
1031 3244 1111 3279 τῶν
1122 3262 1167 3269 -—
1183 3245 1222 3278 12
1237 3239 1348 3290 ἀρχὴν

274 3303 332 3343 σπι.
348 3290 379 3323 L
397 3288 410 3334 11
436 3292 476 3323 15
501 3285 614 3331 αὐτὴν
634 3290 783 3367 ῥῑέΙΙέδ
798 3286 911 3343 ’ὑμῶν
935 3291 967 3325 L
983 3291 996 3335 ΙΙ
1014 3287 1184 3336 ἐπάρχους
1208 3289 1257 3329 Β]
1282 3286 1347 3342 ἧπ-

274 3334 949 3425 Zilioessfsslsssiofflitnssiffi‘¹5⁰1st
956 3339 989 3415 ἓι
1000 3346 1054 3414 ,Ξῖ
1060 3338 1175 3413 ὀἶῗὲῗ
1180 3335 1348 3430 Ρὲ“η(“ὸῖ;“

273 3427 390 3457 καίων
413 3423 498 3477 ΖιζΙΙ
528 3426 568 3478 19
591 3426 730 3470 γίνεται
755 3426 787 3458 L
816 3424 898 3477 11‘20
922 3424 954 3458 εἰ
976 3427 1037 3458 καὶ
1061 3425 1117 3466 Μ]
1141 3420 1164 3467 ἢ
1182 3424 1242 3457 καὶ
1266 3423 1297 3457 L
1327 3435 1349 3464 η

276 3469 332 3505 Be
348 3469 361 3513 ΙΙ
385 3471 425 3503 21
451 3482 473 3511 η
493 3482 588 3513 prius
612 3482 670 3503 om.
684 3470 720 3503 Β
736 3470 749 3508 ΙΙ
766 3472 797 3511 o]
822 3483 844 3511 η
865 3470 941 3512 L¹ll
960 3472 1002 3504 22
1023 3466 1276 3513 σπεκταβίλιος
1289 3469 1347 3508 Μ]

276 3512 510 3558 περίβλεπτος
526 3514 595 3547 LB
613 3513 626 3558 ΙΙ
641 3517 683 3548 25
701 3510 809 3547 αὐτοῦ
822 3515 910 3556 LB]
927 3513 1026 3557 αὐτῷ
1042 3516 1103 3551 Mc
1120 3513 1133 3557 ΙΙ
1147 3513 1256 3548 τοῦτο
1269 3513 1317 3547 L²
1338 3510 1350 3556 ΙΙ

277 3560 320 3591 26
343 3570 383 3591 τε
407 3571 464 3590 om.
479 3559 547 3591 LB
563 3558 576 3603 ΙΙ
594 3555 685 3592 ἇώας
704 3560 736 3592 L
753 3559 766 3602 11
784 3562 823 3593 2Ἱ
848 3571 888 3593 τε
907 3562 980 3600 καὶ]
1001 3572 1041 3592 τε
1061 3572 1118 3592 om.
1136 3559 1169 3593 Β
1221 3559 1264 3592 28
1289 3555 1348 3590 αὐ-

276 3599 342 3635 τὸν
366 3603 412 3635 L¹
440 3602 452 3645 11
475 3601 567 3635 εἶναι
591 3611 621 3636 et
644 3605 686 3637 29
710 3607 771 3654 καὶ
794 3617 850 3637 om.
866 3604 915 3647 ςΙΙ
940 3603 1158 3646 spectauilian
1212 3645 1219 3654 .
1251 3604 1347 3647 περί-

276 3644 435 3688 βλεπτον
457 3647 527 3680 LB
552 3646 565 3690 ΙΙ
592 3649 633 3681 36
661 3644 772 3681 αὗτον
796 3649 982 3683 Zachariae
1003 3648 1017 3693 ΙΙ
1046 3651 1090 3683 40
1117 3644 1243 3682 αὐτους
1265 3648 1302 3681 Β
1335 3646 1348 3691 ΙΙ

1417 3243 1565 3286 παντὸς]
1591 3246 1724 3288 penitus
1746 3247 1782 3287 (ι’.
1804 3259 1831 3280 e.
1857 3243 2016 3287 πάντως)
2042 3256 2062 3281 ς·
2076 3244 2089 3290 ΙΙ
2107 3247 2147 3280 41
2174 3246 2234 3278 καὶ
2258 3258 2316 3279 om.
2331 3245 2449 3288 LB(5)

1416 3378 1577 3412 iussiones
1597 3379 1651 3412 Va
1665 3379 1678 3424 11
1696 3380 1892 3414 adiectionis
1912 3381 1947 3414 V
1964 3380 2181 3414 adiectionem
2200 3378 2259 3424 ΤΕ
2275 3381 2295 3413 5
2318 3377 2491 3412 subdemus

1417 3423 1502 3466 vulq.
1522 3425 1533 3465 11
1550 3426 1568 3456 Ί
1589 3423 1620 3457 ei
1639 3425 1715 3459 libri
1730 3425 1743 3468 11
1759 3428 1779 3460 8
1800 3426 1898 3459 nobis
1919 3438 1977 3459 om.
1996 3425 2051 3468 1711
2075 3426 2167 3468 1039.
2186 3424 2300 3457 damus
2312 3441 2357 3448 —
2369 3423 2416 3456 eis
2431 3433 2488 3456 οιιι.

1418 3467 1503 3507 libri,
1526 3469 1632 3510 suppl.
1648 3469 1741 3503 Beck
1763 3469 1777 3514 fl
1806 3471 1844 3504 11
1871 3469 2067 3503 uindicandi
2087 3470 2167 3503 Vae.
2186 3469 2199 3512 11
2229 3471 2269 3503 15
2292 3466 2430 3512 perduoi
2444 3465 2489 3508 T]

1415 3511 1569 3554 perducit
1590 3513 1624 3546 V
1639 3514 1842 3555 perducendi
1863 3514 1988 3559 ΒοσΙιΙΙ
2014 3516 2054 3549 18
2078 3513 2301 3558 appellatione
2324 3512 2446 3556 Tvulq.

1417 3558 1460 3590 25
1474 3558 1765 3599 proconsularibus
1777 3560 1854 3592 libri
1867 3558 1880 3600 11
1898 3559 1999 3601 frigio
2017 3561 2094 3593 libri
2109 3559 2123 3602 Ι
2138 3561 2178 3593 27
2193 3557 2372 3593 clarissime
2383 3556 2459 3591 libri

1414 3602 1457 3635 29
1481 3601 1655 3643 prouintia
1682 3603 1751 3637 VT
1774 3603 1787 3646 11
1817 3606 1859 3637 35
1883 3603 2045 3638 subdetur
2067 3607 2152 3649 vulq.
2183 3606 2196 3651 fl
2222 3606 2397 3650 discriptio
2414 3600 2464 3639 'V

1417 3648 1459 3680 36
1483 3647 1686 3680 occasionem
1712 3650 1788 3682 libri
1809 3647 1822 3692 11
1844 3651 1885 3683 41
1905 3650 2066 3692 praebent
2095 3651 2176 3684 Val-

1140 2840 1183 2864 us
1205 2834 1241 2865 et
1264 2830 1452 2866 comitibus
1475 2830 1662 2878 Pliryqiae
1685 2834 1722 2867 et
1747 2830 1932 2867 Galatiae:
1966 2833 2010 2865 ut
2037 2833 2074 2865 et
2101 2839 2182 2881 ipse
2209 2828 2418 2876 spectabilis
2446 2828 2496 2865 sit
2539 2842 2543 2844 ·

1463 3335 1482 3366 2
1507 3334 1623 3367 referri
1648 3336 1726 3370 libri
1738 3335 1750 3379 ΙΙ
1777 3337 1797 3370 3
1821 3336 1858 3368 in
1882 3335 1934 3368 his
1959 3348 2016 3369 om.
2035 3336 2098 3379 ΤΙ
2121 3337 2143 3369 4
2165 3334 2356 3368 uoluntates
2375 3333 2452 3367 libri
2477 3329 2492 3374 Ι
2547 3340 2553 3348 ”
