2476 3854
182 108 291 151 Nov.
312 108 409 152 CIX
439 122 502 165 pr.
534 113 554 152 1

180 222 397 262 Μανιχαίων
426 222 486 253 καὶ
515 216 764 262 Ἀπολιναρίου
795 214 1109 262 ἆνανεωσαμόνων
1140 216 1255 253 δυςσέ-

178 267 294 308 βειαν,
325 267 386 298 καὶ
408 262 498 310 πρός
520 277 560 311 γε
583 263 723 299 πάντας
752 263 833 297 τοὺς
861 263 910 307 μὴ
936 261 1044 297 ὄντας
1072 263 1174 308 με’λος
1196 264 1258 308 τῆς

179 307 283 355 ἁγίας
305 311 369 344 τοῦ
389 310 480 343 θεοῦ
504 308 700 351 καθολικῆς
723 311 781 342 καὶ
803 305 1042 351 ἀποστολικῆς
1066 308 1258 352 ἐκκλησίας,

179 356 219 388 ἐν
250 355 272 401 ᾐ
304 355 435 389 πάντες
463 352 662 399 ὁμοφώνως
692 352 729 387 οἱ
757 350 954 399 ἁγιώτατοι
977 352 1094 396 πάσης
1125 355 1186 397 τῆς
1208 354 1256 388 οἰ-

178 402 348 454 κουμένης
376 398 611 444 πατριάρχαι,
644 394 667 432 δ’
696 411 736 432 τε
767 399 830 441 τῆς
852 399 1018 443 ἑσπερίοις
1040 395 1172 443 Ῥώμης
1197 402 1257 433 καὶ

178 456 311 486 ταυτης
346 445 408 487 τῆς
437 441 622 488 βασιλίδος
654 442 792 477 πόλεως
821 446 882 476 καὶ
911 441 1175 489 Ἀλεξανδρείας
1197 447 1257 478 καὶ

181 488 409 523 Θεουπόλεως
431 492 490 521 καὶ
513 485 779 533 Ἱεροσολύμων,
803 491 863 521 καὶ
886 485 1019 523 πάντες
1042 488 1077 523 οἱ
1101 485 1167 524 ὑπ’
1195 486 1256 522 αὐ-

178 534 258 567 τοὺς
275 536 485 580 τεταγμένοι
501 531 698 567 ὁσιώτατοι
715 535 906 575 ἐπίσκοποι
928 534 997 576 τὴν
1013 531 1257 577 ἀποστολικὴν

178 579 391 633 κηρύττουσι
413 582 540 614 πίστιν
563 592 602 613 τε
617 581 678 612 καὶ
696 576 911 624 παράδοσιν.
950 578 1029 612 τοὺς
1048 583 1173 613 τοίνυν
1194 580 1257 622 τῆς

1251 104 1332 152 518

1590 120 1650 150 DE
1678 119 1946 151 PRIVILEGIIS
1974 118 2105 151 Do'rls
2132 119 2398 152 HAERETIOIS

1323 217 1421 254 naris
1443 217 1687 254 renovantium
1709 218 1933 263 inpietatem,
1957 222 1994 253 et
2016 219 2062 254 ad
2076 219 2165 254 haec
2188 228 2309 254 omnes
2334 218 2397 264 qui

1325 273 1397 298 non
1427 265 1511 298 sunt
1541 263 1736 298 membrum
1767 266 1914 299 sanctae
1943 263 1999 299 dei
2025 263 2222 299 catholicae
2251 267 2287 298 et
2309 273 2397 309 apo-

1327 307 1475 343 stolicae
1498 308 1680 350 ecclesiae,
1704 308 1741 343 in
1762 318 1832 354 qua
1855 318 1977 344 omnes
2001 308 2225 344 concorditer
2246 308 2397 344 sanctis-

1326 353 1405 388 simi
1434 352 1605 398 [episcopi
1627 356 1675 396 et]
1707 354 1818 389 totius
1841 353 1938 388 orbis
1961 355 2138 389 terrarum
2162 352 2397 399 patriarchae,

1293 402 1311 433 5
1326 401 1361 433 et
1394 396 1590 442 Hesperiae
1627 398 1763 434 Romae
1800 401 1837 433 et
1875 398 1981 434 huius
2017 399 2134 444 regiae
2172 397 2324 434 civitatis
2363 401 2400 433 et

1326 442 1562 478 Alexandriae
1594 446 1630 478 et
1660 442 1883 489 Theopoleos
1919 446 1955 478 et
1986 443 2326 488 Hierosolymorum,
2363 447 2399 478 et

1326 497 1446 522 omnes
1467 488 1527 532 qui
1546 488 1612 524 sub
1633 487 1684 524 eis
1705 488 1891 524 constituti
1910 491 1994 524 sunt
2011 488 2222 524 sanctissimi
2241 488 2399 533 episcopi

1325 532 1560 577 apostolicam
1579 533 1788 578 praedicant
1807 533 1911 569 fidem
1935 535 2042 578 atque
2056 533 2293 569 traditionem.
2328 532 2398 577 Igi-

1324 581 1384 612 tur
1407 587 1548 613 sacram
1571 579 1852 614 communionem
1881 579 1918 614 in
1943 579 2120 614 catholica
2142 578 2295 614 ecclesia
2326 587 2399 612 non

179 636 358 668 αχραντου
376 627 565 658 κοινωνίας
585 623 677 657 κατὰ
699 625 766 666 τὴν
785 622 987 677 καθολικὴν
1007 623 1195 667 ἐκκλησίαν
1215 622 1256 657 οὐ
1273 626 1312 658 10
1324 622 1560 667 percipientes
1599 623 1645 658 ab
1685 623 1761 659 eius
1800 623 1867 659 deo
1901 624 2114 660 amabilibus
2152 622 2399 659 sacerdotibus

176 665 522 713 μεταλαμβάνοντας
557 668 657 714 παρὰ
688 670 766 702 τῶν
795 680 927 712 ταυτης
957 669 1257 715 θεοφιλεστάτων

178 713 303 758 ἱερέων
324 713 519 759 αἱρετικοὺς
547 712 694 748 δικαίως
716 713 910 757 καλοῦμεν·
947 711 1017 748 κᾶν
1038 714 1108 761 γὰρ
1140 713 1257 759 ὄνομα

179 760 414 803 Χριστιανῶν
429 759 567 793 ἑαυτοῖς
582 759 826 804 περιτιθέασι,
842 759 903 801 τῆς
918 755 1097 803 ἀληθινῆς
1112 759 1257 793 ἑαυτοὺς

176 805 254 837 τῶν
272 805 506 849 Χριστιανῶν
526 802 680 839 πίστεώς
699 817 739 838 τε
759 807 819 837 καὶ
837 808 1028 839 κοινωνίας
1045 807 1258 850 χωρίζοντες

177 849 229 891 τῷ
249 851 314 882 τοῦ
335 850 426 882 θεοῦ
450 853 595 894 κρίματι
618 849 764 883 ἑαυτοὺς
787 847 940 895 ὑπάγειν
961 848 1210 896 γινώσκονται.

1325 668 1523 703 haereticos
1547 668 1639 703 iuste
1661 678 1848 704 vocamus:
1873 678 1955 704 nam
1977 669 2061 705 licet
2083 678 2211 704 nomen
2227 667 2397 703 Christia-

1325 723 1454 748 norum
1484 713 1624 748 sibimet
1646 713 1894 758 imposuerint,
1926 724 2010 750 vera
2035 717 2154 750 tamen
2179 713 2397 749 Christiano-

1325 768 1404 792 rum
1436 767 1475 793 se
1505 762 1541 792 et
1563 758 1632 793 fide
1656 761 1694 793 et
1716 759 1960 795 communione
1984 761 2155 806 separant
2186 758 2242 794 dei
2265 757 2397 793 iudicio

1326 806 1436 838 semet
1458 804 1555 848 ipsos
1579 803 1685 839 subdi
1707 807 1972 848 cognoscentes.

1273 852 1312 884 15

1180 971 1336 1008 CAPUT
1359 972 1386 1007 1.

235 1036 279 1071 Οἱ
299 1038 366 1082 μὲν
389 1031 455 1071 οὖν
478 1041 560 1083 περὶ
583 1039 660 1072 τῶν
677 1037 870 1083 αἱρετικῶν
894 1039 1129 1084 φοιτήσαντες
1149 1038 1257 1083 νόμοι

178 1082 289 1117 πᾶσίν
324 1082 392 1116 εἰσι
425 1086 590 1129 φανεροί·
625 1082 725 1128 ἡμεῖς
760 1080 800 1117 δὲ
832 1082 1045 1129 βουλόμενοι
1076 1084 1159 1118 τοὺς
1188 1084 1258 1127 τὴν

178 1124 383 1173 ὀρθόδοξον
404 1126 675 1173 ἀσπαζομένους
704 1132 830 1164 πίστιν
859 1132 920 1163 καὶ
950 1129 1082 1172 ταύτης
1113 1126 1257 1172 ἀντεχο-

176 1175 303 1216 μένους
326 1174 418 1215 ἔχειν
440 1187 477 1207 τι
498 1173 609 1208 πλέον
633 1171 835 1220 προνόμιον
865 1175 943 1208 τῶν
968 1170 1258 1220 ἇλλοτριούντων

178 1218 324 1252 ἑαυτοὺς
353 1219 414 1261 τῆς
442 1220 506 1252 τοῦ
531 1219 621 1253 θεοῦ
646 1223 801 1274 ποίμνης
829 1217 966 1263 (ἐπειδὴ
994 1217 1086 1274 μηδὲ»
1115 1217 1258 1254 δίκαιόν
1272 1222 1314 1255 20
1327 1224 1439 1255 semet
1470 1221 1568 1265 ipsos
1603 1220 1659 1255 dei
1694 1221 1777 1256 ovili

178 1264 279 1297 ἐστιν
300 1263 395 1298 ἰ’σων
414 1267 487 1298 τοῖς
502 1262 719 1311 ὀρθοδόξοις
741 1275 824 1298 τους
841 1263 1036 1310 αἱρετικους
1059 1264 1258 1304 αξιοῦσθαι

178 1311 399 1353 προνομίων)
432 1307 492 1343 διὰ
524 1311 632 1343 τοῦτο
664 1313 723 1343 καὶ
746 1310 815 1343 νῦν
845 1311 906 1344 ἐπὶ
927 1308 996 1343 τὸν
1020 1307 1189 1355 παρόντα
1212 1310 1258 1343 εἴ·

179 1352 287 1397 δομεν
310 1355 433 1398 νόμον.
481 1352 605 1398 ἐπειδὴ
635 1355 706 1401 γὰρ
738 1351 946 1399 δεδώκαμεν
969 1352 1151 1400 προνόμια
1182 1358 1259 1390 ταῖς

176 1399 317 1452 γυναιξὶ
340 1401 417 1433 τῶν
440 1401 613 1445 προικῶν,
638 1397 726 1434 ῶςτε
747 1403 806 1434 καὶ
827 1403 1118 1446 προγενεστέρων
1141 1398 1258 1435 δανει-

1407 1039 1507 1083 Quae
1540 1038 1648 1084 igitur
1682 1040 1726 1075 de
1761 1040 1949 1076 haereticis
1987 1040 2151 1085 prolatae
2186 1041 2272 1076 sunt
2302 1038 2399 1084 leges

1328 1086 1490 1120 omnibus
1515 1088 1599 1119 sunt
1622 1085 1820 1122 manifesta.
1867 1085 1943 1121 Nos
1963 1089 2084 1121 autem
2098 1085 2254 1121 volentes
2277 1085 2399 1120 ortho-

1327 1130 1455 1165 doxam
1483 1129 1738 1174 amplectentes
1769 1131 1874 1167 fidem
1905 1135 1940 1166 et
1968 1140 2046 1166 eam
2078 1130 2308 1166 defendentes
2335 1129 2399 1165 ha·

1326 1174 1411 1210 bere
1445 1175 1588 1220 aliquod
1623 1176 1775 1220 amplius
1806 1175 2023 1222 privilegium
2058 1176 2113 1212 his
2148 1175 2210 1221 qui
2244 1175 2401 1211 alienant

1766 1221 1776 1230 '
1818 1225 1830 1264 (
1855 1222 1998 1257 uoniam
2032 1231 2146 1274 neque
2179 1221 2312 1256 iustum
2345 1222 2401 1255 est

1327 1265 1533 1309 aequalibus
1559 1275 1639 1300 cum
1661 1266 1869 1303 orthodoxis
1897 1270 1934 1301 et
1955 1266 2154 1302 haereticos
2177 1265 2302 1311 dignos
2324 1264 2400 1300 fieri

1326 1310 1541 1355 privilegiis),
1563 1313 1753 1356 propterea
1769 1315 1805 1347 et
1823 1322 1920 1347 nunc
1939 1311 1987 1347 ad
2002 1315 2226 1357 praesentem
2243 1309 2400 1391 relslplexi·

1326 1366 1405 1391 mus
1429 1356 1551 1400 legem.
1599 1356 1691 1400 Quia
1711 1357 1803 1392 enim
1822 1356 1982 1393 dedimus
2004 1356 2226 1402 privilegium
2244 1366 2280 1391 m
2320 1354 2400 1391 ‘eri-

1326 1401 1394 1436 bus
1419 1401 1568 1444 dotium,
1593 1407 1635 1435 ut
1657 1401 1763 1437 etiam
1786 1402 1966 1447 prioribus
1991 1401 2227 1438 creditoribus
2249 1410 2401 1447 praepo-

179 1455 280 1478 στων
316 1445 581 1499 προκρίνεσθαι
618 1449 685 1499 καὶ,
711 1444 845 1489 βελτίω
880 1445 987 1486 τάξιν
1021 1447 1114 1488 ἔχειν
1151 1442 1260 1480 αὐτὰς
1272 1447 1314 1481 25
1326 1449 1468 1490 uantur,
1500 1450 1536 1482 et
1564 1446 1745 1482 meliorem
1776 1447 1933 1483 ordinem
1963 1456 2025 1482 eas
2052 1446 2185 1482 habere
2215 1448 2252 1482 et
2281 1455 2348 1482 nec
2378 1455 2402 1481 a

178 1492 238 1522 καὶ
268 1503 386 1524 ταυτα
421 1490 493 1525 υπὸ
526 1491 590 1524 τοῦ
621 1503 751 1536 χρονου
782 1493 998 1535 νικωμένας,
1030 1492 1091 1524 ἐπὶ
1120 1487 1160 1525 δὲ
1181 1492 1259 1525 τῶν

179 1532 239 1567 διὰ
263 1535 344 1569 τοὺς
366 1533 497 1581 γάμους
520 1533 668 1580 δωρεῶν
691 1535 784 1569 κατὰ
806 1534 888 1570 τοὺς
907 1534 1055 1582 χρόνους
1082 1532 1174 1570 καθ’
1201 1533 1260 1570 οὓς

179 1577 227 1613 ἂν
249 1582 411 1626 γένοιντο
435 1581 499 1614 τὰς
521 1579 712 1624 ὑποθήκας
734 1582 837 1623 ἔχειν,
862 1582 977 1615 πᾶσιν
1001 1582 1063 1615 ἐπὶ
1085 1581 1150 1615 τοῦ
1168 1592 1258 1626 παρ-

179 1625 284 1659 όντος
308 1623 515 1678 πόιούμεθα
540 1623 783 1681 φανερὸνκδιά
807 1623 914 1659 τοῦδε
937 1627 1000 1660 τοῦ
1025 1626 1129 1660 θείου
1152 1626 1258 1670 ἡμῶν

1325 1494 1483 1536 tempore
1515 1495 1721 1536 superatas,
1755 1492 1793 1528 in
1825 1492 2074 1528 donationibus
2105 1495 2225 1527 autem
2254 1492 2402 1537 propter

1326 1536 1469 1581 nuptias
1494 1537 1688 1573 secundum
1711 1542 1872 1583 tempora
1901 1547 1966 1582 per
1989 1547 2080 1582 quae
2105 1537 2197 1572 fiunt
2227 1536 2401 1582 hypothe-

1327 1591 1389 1617 cas
1405 1582 1547 1624 habere,
1573 1582 1736 1618 omnibus
1754 1582 1792 1618 in
1807 1582 1986 1628 praesenti
2004 1581 2157 1618 facimus
2177 1582 2401 1618 manifestum

1325 1637 1391 1671 per
1414 1627 1507 1662 hanc
1531 1636 1670 1662 sacram
1693 1631 1851 1663 nostram
1874 1627 2003 1672 legem,
2036 1627 2121 1680 quia
2143 1631 2180 1663 et
2201 1628 2271 1663 hoc
2293 1625 2401 1672 privi-

178 1666 312 1714 νόμου,
343 1683 403 1704 οτι
435 1674 495 1704 καὶ
518 1684 656 1713 ταυτην
679 1685 748 1714 την
772 1675 974 1725 προνομίαν
1003 1674 1064 1704 καὶ
1087 1671 1151 1705 τὰς
1174 1683 1257 1705 σιω-
1271 1673 1313 1707 30
1325 1671 1454 1716 legium
1489 1676 1526 1707 et
1558 1673 1687 1708 tacitas
1717 1672 1936 1718 hypothecas
1972 1676 2008 1708 et
2037 1673 2108 1708 alla
2139 1672 2274 1715 omnia,
2310 1681 2402 1716 quae

179 1715 293 1760 πηρὰς
316 1712 505 1759 ὑποθήκας
528 1719 588 1750 καὶ
611 1716 658 1750 τὰ
679 1715 770 1750 ἄλλα
794 1728 933 1759 παντα,
958 1713 1081 1752 ὁπόσα
1103 1718 1181 1750 ταῖς
1199 1730 1257 1763 γυ-

178 1760 298 1801 ναιξὶ-ν
329 1762 368 1795 ἑν
393 1759 578 1808 διαφόροις
609 1765 816 1806 προνομίοις
845 1761 945 1807 παρὰ
975 1763 1052 1796 τῶν
1075 1759 1259 1817 ἡμετέρων

179 1803 324 1840 δέδοται
352 1807 488 1851 νόμων,
522 1808 671 1841 ἐκείναις
702 1805 848 1851 δίδομεν
877 1806 1007 1851 μόναις
1037 1808 1082 1853 ἐφ
1123 1807 1153 1849 ᾧ
1178 1807 1259 1841 τού-

178 1863 256 1885 των
272 1847 468 1886 ἀπολαύειν
483 1865 523 1886 τε
539 1855 598 1886 καὶ
615 1852 815 1907 κεχρῆσθαι
833 1855 910 1886 ταῖς
925 1851 964 1893 ἐξ
981 1848 1104 1886 αὐτῶν
1122 1849 1257 1898 εὐεργε-

1325 1717 1533 1753 mulieribus
1569 1717 1606 1752 in
1641 1717 1788 1753 diversis
1823 1716 2014 1763 privilegiis
2050 1727 2073 1752 a
2102 1718 2235 1754 nostris
2264 1717 2401 1762 legibus

1326 1762 1411 1797 data
1427 1765 1520 1805 sunt,
1544 1762 1614 1798 illis
1638 1763 1763 1799 damus
1786 1764 1871 1799 solis
1896 1766 2072 1808 quatenus
2096 1762 2153 1798 his
2176 1763 2344 1798 fruantur
2366 1764 2403 1797 et

1326 1810 1485 1852 utantur,
1517 1817 1608 1852 quae
1631 1807 1848 1853 diligentiam
1870 1808 2007 1844 habent
2028 1810 2164 1843 rectam
2190 1811 2227 1844 et
2248 1807 2401 1843 adoran-

179 1899 290 1940 σίαις,
322 1895 376 1930 αἶς
399 1896 560 1942 ἐπιμελές
588 1899 758 1941 ἑστι.την
781 1894 901 1943 ὀρθὴν
924 1900 984 1931 καὶ
1007 1900 1259 1942 προςκυνουμέ-
1273 1899 1317 1934 35

246 1989 267 2022 9
279 2000 328 2031 sq.
340 2024 342 2027 ,
354 1996 570 2032 aryumentum
595 1996 685 2022 notat
708 1989 840 2023 Nomoe.
866 1989 965 2022 XIV
983 1990 1030 2023 tit.
1055 1990 1105 2030 12,
1123 1997 1151 2023 2.

180 2132 350 2167 laborant
383 2141 455 2177 qua
486 2130 784 2167 Manichaeorum
816 2136 852 2168 et
885 2132 1112 2179 Apollinaris
1146 2131 1313 2179 impietas
1346 2136 1520 2167 renovata
1554 2136 1625 2173 est,
1662 2142 1706 2167 ac
1737 2135 1931 2177 praeterea
1962 2142 2084 2166 omnes
2119 2131 2182 2177 qui
2215 2141 2288 2166 non
2318 2133 2403 2166 sunt

179 2176 373 2213 membrum
395 2181 544 2212 sanctae
574 2176 632 2212 dei
656 2176 856 2213 catholicae
887 2184 923 2213 et
946 2189 968 2213 a
998 2177 1171 2213 ostolicae
1194 2176 1385 2219 ecclesiae,
1415 2177 1452 2211 in
1476 2188 1549 2223 qua
1580 2187 1652 2212 uno
1685 2187 1746 2212 ore
1777 2187 1899 2212 omnes
1926 2175 2145 2212 sanctissimi
2175 2176 2283 2212 totius
2306 2175 2404 2212 orbis

180 2226 360 2258 terrarum
377 2220 633 2269 patriarchae,
664 2226 700 2258 et
722 2221 861 2258 Romae
883 2224 962 2258 occi
984 2221 1117 2258 entalis
1145 2226 1178 2258 et
1208 2221 1316 2256 huius
1338 2222 1462 2267 reqiae
1489 2221 1589 2257 urbis
1611 2227 1647 2257 et
1669 2221 1917 2257 Alexandriae
1940 2226 1975 2257 et
1999 2220 2192 2268 Theopolis
2213 2225 2248 2257 et
2271 2220 2402 2256 Hiero-

178 2268 417 2314 solymorum,
450 2278 640 2313 omnesque
672 2267 736 2320 qui
765 2267 812 2302 iis
842 2267 994 2303 subiecti
1024 2272 1110 2303 sunt
1137 2267 1355 2302 sanctissimi
1386 2267 1551 2313 episcopi
1578 2278 1600 2302 a
1630 2267 1817 2302 ostolicam
1845 2266 1954 2311 fidem
1986 2272 2021 2302 et
2045 2266 2273 2302 traditionem
2291 2276 2402 2313 prae-

179 2313 313 2348 dicant.
360 2311 437 2347 Eos
454 2313 568 2359 iqitur
591 2313 653 2358 qui
673 2313 940 2348 immaculatam
963 2312 1244 2348 communionem
1267 2312 1306 2347 in
1327 2312 1507 2347 catholica
1530 2322 1590 2347 ecc
1605 2313 1680 2347 esia
1699 2323 1722 2346 a
1742 2311 1809 2347 deo
1836 2311 2032 2347 carissimis
2062 2311 2140 2346 eius
2158 2311 2405 2347 sacerdotibus

179 2358 252 2393 no'n
275 2358 461 2404 accipiunt
488 2357 688 2393 haereticos
710 2358 791 2393 iure
813 2369 1000 2394 vocamus:
1034 2369 1118 2393 nam
1143 2357 1226 2393 licet
1248 2357 1526 2392 christianorum
1550 2367 1679 2393 nomen
1701 2356 1772 2392 sibi
1793 2357 1998 2403 imponant,
2030 2360 2147 2392 tamen
2169 2367 2249 2392 cum
2271 2367 2310 2392 se
2332 2355 2405 2403 ipsi

180 2415 203 2439 a
226 2413 312 2439 vera
335 2403 616 2439 christianorum
636 2403 711 2448 fide
734 2407 770 2439 et
792 2404 1041 2439 communione
1062 2407 1250 2450 separent,
1282 2402 1342 2438 dei
1362 2402 1496 2438 iudicio
1520 2413 1598 2438 sese
1620 2402 1781 2437 subicere
1803 2401 2070 2448 intellequntur.

302 2449 330 2484 1.
366 2449 485 2495 Atque
504 2448 601 2495 leqes
621 2448 763 2494 quidem
784 2448 828 2484 de
847 2448 1037 2484 haereticis
1054 2448 1229 2494 prolatae
1249 2447 1413 2483 omnibus
1432 2448 1648 2494 manifestae
1662 2451 1768 2482 sunt:
1790 2457 1858 2481 nos
1877 2452 1995 2482 autem
2017 2457 2096 2481 cum
2117 2455 2179 2482 eos
2200 2444 2264 2490 qm·
2282 2443 2404 2481 ortho—

180 2493 316 2530 doxam
343 2493 451 2538 fidem
484 2494 750 2539 amplectuntur
780 2494 819 2528 in
842 2505 957 2539 eaque
974 2497 1213 2540 perseverant
1233 2493 1351 2528 maius
1374 2492 1554 2538 quoddam
1582 2492 1812 2538 privile-qiam
1836 2490 1968 2527 habere
1991 2491 2138 2527 velimus
2166 2490 2212 2524 iis
2235 2489 2300 2536 qui
2319 2500 2359 2526 se
2381 2501 2404 2526 a

180 2550 291 2585 qreqe
315 2538 372 2574 dei
394 2543 569 2585 separant
591 2539 775 2584 (quoniam
799 2550 844 2574 ne
859 2550 937 2585 par
957 2539 1099 2585 quidem
1119 2543 1172 2573 est
1195 2537 1406 2584 aequalibus
1429 2538 1558 2583 quibus
1579 2537 1808 2572 orthodoxos
1829 2537 2030 2584 privileqiis
2053 2535 2253 2572 haereticos
2275 2534 2407 2581 diqnos

181 2585 330 2627 haberi),
347 2589 550 2630 propterea
565 2594 662 2619 nunc
677 2595 822 2630 quoque
846 2584 895 2619 ad
909 2588 1142 2630 praesentem
1166 2583 1279 2629 leqem
1303 2584 1461 2618 animum
1482 2582 1706 2618 attendimus.
1754 2581 1932 2629 Quoniam
1952 2581 2045 2617 enim
2068 2579 2276 2616 mulieribus
2287 2580 2405 2626 privi-

182 2629 277 2681 leqia
300 2629 437 2664 dotium
460 2629 632 2671 dedimus,
664 2633 705 2664 ut
727 2630 834 2664 etiam
857 2629 1124 2675 antiquioribus
1147 2627 1387 2664 creditoribus
1403 2628 1673 2674 praeferantur
1695 2631 1731 2663 et
1753 2627 1934 2662 meliorem
1958 2627 2075 2662 locum
2099 2625 2258 2661 habeant
2280 2635 2405 2671 quam-

182 2685 235 2709 ms
259 2678 418 2720 tempore
442 2674 567 2716 victae,
600 2674 638 2709 in
661 2673 917 2710 donationibus
940 2679 1059 2709 autem
1081 2677 1241 2720 propter
1264 2673 1411 2720 nuptias
1442 2677 1482 2708 ut
1504 2673 1699 2708 secundum
1724 2676 1887 2718 tempora
1911 2671 2041 2723 quibus
2060 2671 2155 2716 fiant
2185 2669 2406 2717 hypothecas

183 2718 358 2755 habeant:
394 2719 557 2754 omnibus
579 2719 616 2753 in
638 2719 849 2765 praesentia
869 2730 939 2766 per
962 2718 1056 2754 hanc
1079 2719 1236 2754 divinam
1260 2722 1419 2753 nostram
1450 2718 1563 2764 leqem
1586 2717 1818 2763 manifestum
1839 2717 2016 2762 facimus,
2049 2726 2118 2751 nos
2141 2719 2176 2751 et
2205 2714 2273 2751 hoc
2293 2715 2405 2761 privi-

183 2764 314 2810 leqz'um
344 2768 379 2798 et
413 2765 542 2799 tacitas
573 2763 797 2809 hypothecas
827 2768 863 2799 et
891 2768 1010 2799 cetera
1043 2764 1181 2805 omnia,
1221 2773 1466 2809 quaecumque
1495 2762 1703 2798 mulieribus
1737 2762 1775 2796 in
1803 2762 1954 2797 diversis
1977 2760 2185 2808 privileqiis
2215 2771 2239 2796 a
2270 2760 2406 2807 leqibus

183 2808 317 2845 nostris
340 2808 427 2843 data
450 2813 545 2849 sunt,
570 2809 642 2844 illis
666 2808 862 2844 concedere
884 2809 971 2844 solis
991 2819 1063 2855 quo
1088 2813 1124 2844 et
1141 2809 1319 2854 fruantur
1342 2809 1387 2843 iis
1410 2813 1446 2843 et
1466 2807 1647 2852 beneficiis
1670 2806 1755 2842 inde
1770 2807 1919 2854 paratis
1936 2811 2099 2848 utantur,
2123 2816 2218 2852 quae
2236 2804 2275 2841 id
2290 2808 2406 2851 ayunt

1328 2978 1386 2998 om.
1401 2966 1431 2998 L
1449 2965 1462 3008 ΙΙ
1478 2967 1538 2997 καὶ
1562 2964 1723 3008 χρῆσθαι
1747 2977 1813 2998 cum
1836 2965 2018 3008 Scrimqero
2033 2963 2120 3006 vuly.
2138 2962 2151 3005 ss
2168 2963 2245 2995 ταῖς
2257 2980 2299 2986 -
2311 2958 2403 3006 εὐερ-

231 2969 246 3000 1
262 2967 465 3010 μανιχαίων
477 2965 546 2997 LB
555 2964 744 3006 Nomocflm]
757 2969 948 3007 μανιχαίου
959 2967 1018 3002 Μς
1027 2966 1089 2999 Iul.
1107 2966 1120 3009 ΙΙ
1136 2962 1259 2999 Ἀπολ-

1188 3009 1195 3017 ’
1326 3012 1460 3055 γεσίαις
1484 3023 1542 3043 om.
1560 3022 1579 3045 ς
1602 3009 1615 3053 ΙΙ
1645 3008 1683 3048 ἐξ
1707 3006 1830 3042 αὐτῶν
1856 3009 1935 3050 LB]
1966 3007 2107 3040 ἑαυτῶν
2132 3007 2178 3039 M

184 3011 344 3056 λιναρίου
359 3012 391 3044 Β
415 3010 428 3054 11
452 3011 471 3044 2
496 3007 586 3053 πρός
600 3021 640 3055 γε
656 3006 794 3043 πάντας
806 3010 1060 3044 LBNomoc.‘¹⁷'¹
1070 3013 1100 3052 ς]
1126 3023 1195 3054 προ
1221 3023 1260 3055 γε

185 3057 337 3092 πάντων
360 3056 399 3088 Μ
427 3055 575 3095 (omnino
600 3065 653 3086 eos
676 3055 753 3095 Iul.)
782 3055 794 3097 ΙΙ
827 3057 845 3089 3
870 3053 1064 3097 καθολικῆς
1087 3057 1147 3088 καὶ
1170 3052 1259 3089 ἀπο-

184 3100 348 3143 στολικῆς
363 3098 546 3142 ἐκκλησίας
557 3099 665 3139 ΜΒς]
682 3098 865 3142 ἐκκλησίας
884 3099 1079 3142 καθολικῇς
1095 3103 1154 3132 καὶ
1171 3097 1260 3133 ἀπο-

184 3146 345 3188 στολικῆς
358 3144 508 3180 Nomoe.‘¹
534 3146 594 3177 καὶ
608 3141 762 3189 μεγάλης
783 3143 965 3187 ἐκκλησίας
985 3145 1045 3186 τῆς
1066 3143 1262 3187 καθολικῆς

1385 3101 1407 3132 4
1425 3100 1571 3142 episcopi
1593 3111 1651 3132 om.
1666 3098 1726 3139 12¹,
1750 3097 1896 3140 episcopi
1918 3099 1951 3128 et
1972 3096 2033 3129 del.
2049 3095 2141 3128 Beck
2157 3094 2169 3137 ΙΙ
2187 3097 2207 3127 5
2226 3093 2404 3137 hesperiae]

1329 3145 1429 3186 hespe
1443 3144 1475 3177 R
1490 3145 1502 3187 ΙΙ
1530 3145 1550 3177 6
1574 3142 1808 3176 alexandrinae
1825 3141 1874 3174 T²
1890 3140 1902 3185 ΙΙ
1920 3139 2086 3183 teopoleos
2106 3140 2140 3173 V
2151 3139 2163 3183 ΙΙ
2178 3139 2406 3172 hierosolimo-

184 3196 243 3225 καὶ
273 3188 510 3232 ἆποστολικῆς
533 3190 704 3230 Νοηιοε.”’,
747 3188 942 3231 καθολικῆς
972 3188 1155 3230 ἐκκλησίας
1187 3190 1218 3222 L
1251 3193 1262 3231 {j

185 3241 205 3272 5
229 3238 380 3281 ἑσπέρας
403 3236 473 3269 ML
492 3236 504 3277 ΙΙ
526 3236 586 3268 καὶ
600 3235 655 3275 M]
681 3237 740 3266 καὶ
762 3230 781 3267 ὁ
811 3235 878 3267 LB
897 3234 909 3278 ΙΙ
933 3236 953 3268 6
977 3236 1036 3266 καὶ
1060 3232 1079 3267 ὁ
1101 3229 1261 3273 Ἀλεξαν-

185 3280 303 3327 δρείας
326 3283 362 3316 Β
379 3282 391 3325 ΙΙ
410 3283 429 3315 S
454 3281 644 3314 ἐπίσκοποι
668 3293 723 3312 οηι.
754 3280 781 3312 L
798 3279 809 3319 ΙΙ
831 3282 871 3313 12
896 3277 965 3312 κᾶν
990 3280 1059 3320 ᾹΙς]
1083 3281 1143 3311 καὶ
1162 3280 1228 3312 LB
1252 3280 1263 3316 Η

188 3331 227 3362 13
246 3328 308 3370 τῆς
332 3323 521 3369 ἀληθινῆς]
545 3326 604 3358 καὶ
628 3324 690 3366 τῆς
713 3320 888 3366 ἀληθινῆς
908 3324 942 3356 Β
974 3334 1050 3356 vera
1074 3326 1183 3356 tamen
1210 3336 1228 3359 ς
1251 3322 1263 3367 Η

186 3370 303 3407 αὐτοῖς
328 3373 377 3405 La
406 3372 418 3416 ΙΙ
449 3374 490 3406 14
505 3384 553 3414 sq.
581 3370 793 3415 χωρίζοντες
817 3388 858 3393 -—
881 3365 1136 3414 γινώσκονται]
1169 3379 1260 3411 sepa-

185 3422 262 3451 rant
275 3438 316 3442 —
330 3420 562 3460 cognoscentes
582 3427 601 3452 ς
617 3415 630 3459 ΙΙ
652 3417 695 3449 20
710 3411 820 3457 *μήτε
834 3414 945 3447 MLB
963 3416 975 3456 n
993 3414 1032 3448 21
1051 3412 1133 3446 τοὺς
1149 3409 1260 3458 ὄρθο-

186 3462 311 3503 δόξους
333 3465 406 3496 τοῖς
432 3461 618 3507 αἱρετικοῖς
641 3461 676 3494 Β
692 3459 704 3504 ΙΙ
722 3458 804 3493 τοὺς
827 3456 1034 3503 αἱρετικοὺς]
1065 3460 1097 3490 et
1121 3458 1261 3490 haereti-

186 3520 239 3541 cos
263 3521 282 3544 ς
300 3509 312 3552 ΙΙ
335 3510 377 3542 22
403 3508 462 3542 ἐπὶ
487 3521 544 3540 om.
559 3506 594 3539 B
610 3505 623 3550 ΙΙ
650 3506 691 3539 23
717 3502 899 3548 προνόμια
924 3504 982 3545 Μ]
1008 3503 1210 3546 προνόμιον
1226 3503 1262 3536 Β

186 3556 388 3599 προνομίαν
412 3554 543 3595 Lvulq.
574 3552 625 3595 Cf.
648 3551 724 3585 Cod.
739 3551 771 3593 8,
785 3558 827 3587 Π,
841 3556 874 3583 12
889 3549 902 3592 ΙΙ
928 3550 971 3582 26
995 3551 1053 3581 καὶ
1077 3548 1205 3588 ταῦτα]
1230 3550 1263 3580 et

187 3610 246 3631 nec
271 3612 306 3640 ς,
343 3601 426 3631 uncle
459 3595 542 3630 οὔτε
578 3597 637 3638 (sic
663 3609 727 3639 pro
757 3592 858 3640 μηδὲ)
893 3596 993 3628 inseri
1023 3602 1135 3627 temere
1163 3594 1263 3626 voluit

187 3645 214 3677 I.
235 3645 275 3677 B.
293 3644 434 3677 Koehler
453 3643 593 3686 Interpr.
614 3649 644 3675 et
665 3641 799 3674 Emend.
813 3641 843 3675 I.
860 3640 899 3673 R.
920 3638 959 3672 2Ι
979 3641 1041 3673 126
1061 3640 1104 3678 (a.
1128 3639 1227 3680 1792)
1250 3638 1262 3683 ΙΙ

187 3691 229 3723 28
253 3691 393 3733 γένοιτο
421 3688 460 3720 M
465 3692 482 3710 ‘⁸
505 3687 518 3731 ΙΙ
543 3689 585 3721 34
609 3682 810 3729 α’πολάβειν
837 3686 875 3718 Μ
902 3682 1101 3727 ἀπολαβεῖν
1129 3683 1162 3716 Β
1188 3684 1200 3725 ΙΙ
1223 3695 1262 3716 τε

1330 3200 1404 3222 rum
1426 3189 1458 3221 V
1474 3187 1735 3221 ierosolimorum
1753 3187 1820 3220 ΚΤ
1834 3186 1847 3229 ΙΙ
1864 3188 1882 3219 7
1901 3185 1973 3218 eius
1985 3185 2091 3219 R¹T⁶
2108 3183 2122 3228 u
2145 3187 2165 3219 9
2181 3195 2309 3218 sacrum
2332 3185 2380 3217 V·
2395 3183 2408 3229 ΙΙ

1333 3236 1374 3268 10
1387 3233 1435 3266 eis
1448 3232 1520 3278 12²1!
1535 3235 1570 3267 11
1590 3243 1663 3264 nam
1677 3231 1809 3264 licet—
1821 3232 1861 3265 13
1875 3233 1908 3264 et
1921 3230 1983 3263 fide
1998 3243 2059 3263 scr.
2071 3230 2120 3263 V²
2134 3231 2165 3263 in
2178 3243 2243 3263 ras.
2256 3231 2270 3263 1
2287 3242 2407 3268 versus,

1330 3278 1410 3311 licet
1426 3296 1467 3302 —
1487 3279 1526 3311 13
1543 3277 1596 3310 dei
1611 3276 1733 3309 iuditio
1749 3289 1810 3310 scr.
1827 3275 1875 3308 8²
1888 3277 1919 3309 in
1934 3288 2000 3308 ras.
2015 3277 2055 3319 1}
2070 3288 2114 3308 vs.
2133 3276 2146 3317 ΙΙ
2165 3277 2206 3309 12
2222 3273 2407 3317 inposuerit

1333 3324 1380 3356 T·
1398 3322 1411 3366 ΙΙ
1431 3323 1471 3357 13
1496 3324 1528 3354 et
1551 3322 1614 3355 fide
1636 3322 1680 3363 V]
1706 3321 1768 3353 fide
1791 3320 2001 3364 R(²)Tvul9.
2020 3319 2033 3363 ss
2062 3322 2100 3354 16
2124 3320 2254 3362 prolata
2277 3320 2407 3353 RV¹T

1330 3365 1768 3455 ”ili‘ieiigeiffissffi'isi'
1790 3368 1831 3445 1¹23
1851 3366 2165 3454 ffiigiifftizssiitiss
2184 3365 2407 3452 ’ὲᾶῗιέὛὶῗνωῄ

1331 3459 1374 3491 22
1396 3460 1533 3500 propter
1549 3458 1597 3490 Ιί,ι
1621 3458 1756 3500 propter
1779 3456 1841 3488 hoc
1860 3455 1939 3499 11³1!
1964 3457 2005 3489 24
2030 3455 2105 3488 dote
2127 3456 2180 3497 Vn
2206 3454 2405 3488 creditorum

1330 3502 1378 3535 R¹
1395 3508 1407 3545 n
1427 3504 1468 3537 25
1490 3509 1523 3534 et
1543 3513 1603 3534 nec
1620 3522 1661 3527 —
1684 3503 1724 3536 31
1747 3512 1767 3534 a
1789 3500 1911 3534 nostris
1934 3500 2064 3542 legibus
2087 3502 2193 3544 suppl.
2211 3500 2260 3533 T²
2273 3501 2304 3533 in
2321 3507 2405 3543 spat.

1330 3560 1398 3581 vac.
1413 3549 1455 3592 δὲ
1469 3561 1517 3580 vv.
1534 3547 1546 3592 ΙΙ
1565 3550 1637 3588 nec]
1661 3557 1751 3580 nunc
1773 3547 1808 3584 V;
1835 3547 1894 3590 leq.
1909 3546 2015 3578 haec?
2033 3545 2046 3590 ΙΙ
2068 3547 2108 3579 27
2127 3545 2304 3589 ypothecas
2318 3544 2405 3585 RV]

1331 3595 1364 3624 et
1383 3593 1560 3635 ypothecas
1583 3593 1659 3633 T(²)
1677 3594 1689 3635 u
1706 3593 1747 3626 28
1765 3591 1930 3633 omnibus]
1956 3594 1988 3624 et
2008 3591 2162 3624 omnibus
2180 3592 2210 3624 R
2226 3592 2238 3632 11
2257 3592 2291 3622 in
2312 3599 2403 3631 prae-

1329 3642 1454 3670 sentem
1479 3639 1506 3670 V
1519 3639 1531 3681 ΙΙ
1550 3641 1591 3672 29
1609 3641 1753 3671 nostram
1768 3647 1891 3669 sacram
1916 3637 2018 3679 VT(²)
2037 3637 2049 3679 ss
2066 3638 2106 3670 31
2131 3635 2325 3678 privilegiis]
2350 3644 2403 3667 ca-

1330 3682 1449 3725 pitulis
1476 3683 1505 3715 lt
1522 3685 1534 3726 ΙΙ
1560 3685 1601 3717 33
1627 3693 1710 3725 quae
1728 3683 1828 3725 vulfs]
1853 3683 1909 3723 qui
1936 3683 2012 3715 libri
2026 3682 2039 3725 ΙΙ
2063 3681 2161 3713 habet
2182 3680 2231 3712 Β*
