2592 3840
242 79 305 127 nn
321 93 621 126 umus-inorm-
638 95 791 126 mnu
810 94 1053 126 scomma
1068 94 1237 143 ursule
1321 78 1409 129 339
2216 81 2324 124 Nov.
2348 80 2462 123 LXV

1290 237 1398 273 LXV.
2186 236 2294 271 Auth.
2316 235 2425 270 val
2434 236 2459 271 1.

271 309 324 358 R
363 309 457 359 DE
492 307 953 361 ALIENATIONE
998 306 1233 356 RERUM
1279 305 1652 357 ECCLESIAE
1695 306 1951 357 MYSIAE
1985 304 2425 367 RELICTARUM

278 376 409 427 PRO
443 374 880 427 CAPTIVORUM
918 373 1411 425 REDEMPTIONE
1450 375 1540 422 ET
1577 374 1950 425 PAUPERUM
1976 372 2348 423 ALIMENTIS
2373 372 2426 421 R

915 451 1012 486 Idem
1035 452 1126 496 Aug.
1151 450 1348 486 Iustiniano
1370 462 1403 486 v.
1430 459 1460 486 c.
1485 451 1614 486 rectori
1637 451 1785 496 Mysiae.

393 519 671 567 (Praefatio.)
729 518 866 554 Scimus
897 522 1004 554 antea
1031 518 1144 564 legem
1174 519 1435 564 promulgasse,
1468 527 1530 562 per
1562 528 1667 563 quam
1699 529 1820 554 omnes
1851 518 2082 554 alienationes
2114 517 2374 554 ecclesiasticas
2403 517 2458 552 in·
2504 525 2524 557 5

245 566 435 602 hibuimus.
482 565 551 600 Sed
573 567 701 609 postea
722 563 794 598 alia
815 564 892 608 lege
914 565 1177 609 perspeximus,
1208 569 1383 609 quatenns
1406 563 1511 598 liceat
1538 574 1604 608 pro
1636 563 1754 599 soluto
1784 573 1841 599 res
1870 563 2134 599 ecclesiasticas
2161 563 2217 599 vel
2245 563 2335 598 alias
2366 571 2459 607 quae

199 618 221 652 1
246 612 314 656 piis
337 611 499 647 domibus
521 609 713 654 deputatae
734 612 819 644 sunt
848 609 1058 653 persolvere.
1119 608 1190 644 Sed
1214 609 1320 644 etiam
1351 609 1420 644 hoc
1450 608 1488 643 in
1510 611 1669 644 nostram
1699 609 1795 644 venit
1827 609 2050 652 memoriam,
2081 608 2178 654 quod
2202 607 2359 644 Martino
2382 608 2458 642 viro

246 656 469 692 sanctissimo
492 655 661 700 episcopo
685 653 911 689 Odissitanae
934 653 1087 689 civitatis
1108 654 1260 690 formam
1292 657 1329 690 et
1353 658 1437 689 ante
1460 654 1572 698 legem
1596 657 1756 689 nostram
1788 653 1947 689 dedimus
1969 653 2216 698 prohibentem
2238 663 2320 689 eum
2342 653 2458 688 eccle-

246 701 409 737 siasticas
435 710 493 736 res
515 699 684 741 vendere,
718 709 763 734 ne
818 699 855 734 ui
886 709 930 734 ex
958 699 1221 744 potentioribus
1252 700 1286 735 ei
1309 698 1558 735 necessitatem
1580 699 1767 744 imponant
1797 699 1993 734 secundum
2025 709 2130 734 suum
2151 699 2377 753 propositum
2400 707 2459 733 res

198 750 221 785 2
246 746 509 782 ecclesiasticas
531 745 696 780 alienare.
838 744 946 780 etiam
969 745 1007 780 in
1030 749 1190 780 nostram
1213 745 1310 781 venit
1331 745 1536 780 memoriam
1560 744 1631 779 alia
1653 754 1711 779 res
1734 754 1838 788 quam
1861 754 1927 789 pro
1948 744 2074 780 divinis
2093 744 2242 780 fecimus
2263 744 2367 788 vasis,
2392 753 2459 789 pro
2484 753 2526 785 10

246 791 375 836 quibus
398 790 561 828 omnibus
583 789 841 831 abdicavimus,
875 799 921 824 ne
943 789 1002 825 cui
1023 790 1131 826 liceat
1153 792 1388 826 sacrosancta
1410 799 1496 825 vasa
1519 790 1573 824 vel
1595 789 1809 825 venumdare
1832 789 1886 825 vel
1909 789 2084 834 obligare,
2116 790 2184 826 nisi
2213 790 2459 825 tantummodo

245 837 282 872 in
304 836 579 882 redemptionem
602 835 832 880 captivorum.
857 835 941 880 quia
964 835 1102 870 animae
1124 835 1321 882 redemptio
1344 835 1426 870 aliis
1449 834 1613 870 omnibus
1637 835 1744 870 rebus
1766 835 1955 880 pretiosior
1977 839 2044 871 est.

1245 949 1404 985 CAPUT
1428 948 1455 984 I.

380 1015 450 1051 Sed
471 1016 562 1052 haec
584 1015 726 1062 quidem
755 1018 862 1051 antea
885 1016 1078 1051 subsecuta
1100 1020 1200 1052 sunt:
1239 1026 1332 1062 quae
1355 1016 1513 1051 narratio
1542 1016 1746 1051 necessaria
1775 1016 1879 1051 nobis
1901 1015 1972 1051 fuit
2001 1015 2047 1050 ad
2070 1016 2270 1061 praesentis
2294 1015 2461 1061 specialis

244 1061 330 1104 legis
353 1062 565 1097 memoriam.
612 1061 721 1096 Venit
742 1062 870 1096 etenim
893 1062 930 1096 in
952 1062 1132 1106 praesenti
1154 1067 1369 1098 memoratus
1392 1060 1638 1097 sanctissimus
1669 1061 1722 1096 vir
1743 1061 1783 1096 in
1805 1061 1900 1096 hanc
1922 1061 2201 1096 sacratissimam
2222 1061 2398 1096 civitatem
2422 1065 2460 1096 et

246 1105 389 1142 edocuit
410 1117 494 1149 nos,
524 1107 654 1142 multos
674 1110 788 1142 terras
812 1107 890 1142 sine
912 1110 1012 1142 certo
1034 1107 1152 1142 reditu
1181 1108 1238 1142 vel
1260 1107 1496 1142 domunculas
1525 1106 1582 1141 vel
1604 1106 1726 1142 vineas
1750 1106 1950 1151 relinquere
1976 1106 2022 1141 ad
2045 1106 2322 1152 redemptionem
2346 1107 2459 1151 capti-
2485 1117 2526 1149 15

245 1161 370 1186 vorum
401 1152 457 1188 vel
488 1162 683 1198 pauperum
712 1151 909 1195 alimonias,
940 1154 978 1187 et
1007 1152 1224 1188 alienatione
1252 1152 1435 1198 prohibita
1462 1157 1676 1187 memoratos
1700 1156 1803 1187 actus
1833 1151 1918 1187 licet
1947 1152 2096 1196 piissimi
2127 1153 2199 1187 sint
2222 1154 2382 1187 attamen
2404 1152 2459 1186 iu-

200 1203 222 1238 1
245 1195 378 1232 hiberi:
412 1197 485 1232 iam
506 1197 630 1242 petivit
651 1196 720 1232 sibi
741 1197 896 1242 permitti
924 1207 989 1242 per
1010 1197 1124 1242 legem
1156 1198 1347 1244 specialem
1378 1197 1448 1233 hoc
1478 1197 1611 1232 facere.
1659 1197 1846 1232 Sancimus
1876 1197 2015 1243 itaque,
2047 1197 2078 1232 si
2107 1198 2185 1242 quis
2208 1197 2391 1242 reliquerit
2413 1197 2461 1232 ad

243 1241 520 1286 redemptionem
545 1242 762 1288 captivorum
783 1243 839 1277 vel
861 1243 1154 1279 sustentationmn
1176 1253 1373 1288 pauperum
1397 1252 1456 1278 res
1478 1242 1686 1285 immobiles,
1716 1242 1749 1278 si
1771 1241 1912 1287 quidem
1944 1245 2063 1278 certus
2087 1242 2223 1278 reditus
2247 1245 2303 1278 est
2334 1252 2379 1277 ex
2402 1252 2459 1277 re-

244 1285 340 1321 lictis
363 1287 471 1322 rebus
495 1286 731 1332 colligendus,
761 1297 905 1323 manere
927 1287 1082 1332 legatum
1111 1288 1168 1324 vel
1190 1288 1423 1324 hereditatem
1446 1288 1502 1323 vel
1525 1288 1753 1323 donationem
1781 1287 1881 1322 nulla
1898 1287 2116 1323 alienatione
2137 1287 2345 1330 mutilanda,
2379 1297 2461 1322 cum

197 1338 222 1373 2
331 1332 360 1366 it
381 1342 426 1367 ex
447 1332 620 1368 reditibus
642 1332 834 1385 redemptio
857 1333 913 1368 vel
935 1333 1148 1369 sustentatio
1172 1333 1261 1370 fieri.
1309 1334 1371 1368 Sin
1393 1336 1514 1368 autem
1545 1334 1600 1368 vel
1624 1337 1743 1368 certus
1766 1332 1902 1368 reditus
1926 1343 1998 1368 non
2021 1337 2086 1375 est,
2118 1334 2174 1368 vel
2197 1334 2321 1368 domus
2344 1342 2461 1377 paene
2484 1341 2526 1374 20

270 1377 280 1383 '
325 1379 364 1412 ta
386 1382 422 1412 et
444 1377 548 1422 longe
570 1378 616 1413 ab
639 1378 790 1413 ecclesia
810 1378 943 1424 posita,
974 1378 1030 1414 vel
1053 1379 1177 1414 vineae
1198 1389 1348 1424 quarum
1371 1378 1513 1413 fructus
1543 1389 1615 1414 non
1639 1388 1778 1423 semper
1809 1378 1942 1414 similes
1972 1377 2035 1413 sed
2058 1378 2149 1413 varii
2177 1378 2394 1422 colliguntur
2424 1382 2462 1412 et

245 1421 510 1458 incursionibus
544 1422 696 1458 forsitan
729 1423 925 1459 barbaricis
961 1423 1089 1459 dediti:
1126 1425 1165 1459 in
1199 1425 1255 1460 his
1290 1424 1533 1459 tantummodo
1570 1424 1759 1468 speciebus
1789 1423 2026 1469 permittimus
2059 1426 2095 1459 et
2123 1423 2359 1459 venditionem
2391 1424 2461 1458 hac

247 1467 395 1511 speciali
417 1468 493 1512 lege
515 1468 555 1503 in
576 1472 771 1504 memorata
787 1468 974 1521 provincia
996 1468 1084 1509 fieri,
1109 1469 1140 1504 si
1163 1472 1282 1505 tamen
1305 1470 1431 1504 domus
1454 1470 1550 1504 intra
1572 1469 1662 1504 fines
1682 1469 1856 1504 ecclesiae
1877 1470 1933 1504 vel
1956 1469 2080 1504 vineae
2102 1468 2203 1504 iuxta
2226 1478 2348 1504 muros
2372 1469 2461 1503 civi-

246 1512 331 1547 tatis
355 1512 496 1548 minime
583 1513 592 1520 ‘
670 1514 762 1557 sintg
785 1518 838 1549 ita
855 1518 897 1549 ut
917 1514 955 1549 in
978 1514 1191 1550 venditionis
1209 1515 1445 1550 instrumento
1469 1515 1549 1559 ipsa
1572 1515 1681 1549 verba
1702 1514 1886 1550 testatoris
1906 1514 2163 1559 exprimantur,
2187 1513 2249 1549 ubi
2271 1513 2306 1549 ei
2324 1513 2462 1559 placuit

200 1557 483 1600 3'vendifionem
531 1558 583 1594 eri
604 1562 642 1594 et
663 1559 940 1604 redemptionem
962 1569 1007 1595 ex
1023 1559 1080 1595 his
1104 1560 1326 1605 captivorum
1348 1561 1404 1595 vel
1420 1559 1606 1595 alimonias
1629 1570 1828 1605 pauperum
1851 1559 2034 1595 celebrari.
2082 1558 2133 1594 Et
2155 1559 2187 1594 si
2209 1559 2279 1594 hoc
2301 1559 2355 1594 ita
2373 1560 2460 1594 sub-
2485 1567 2527 1600 25

248 1606 410 1638 secutum
433 1603 558 1645 fuerit,
588 1603 720 1639 habeat
742 1603 895 1640 venditio
918 1603 1121 1640 firmitatem
1152 1610 1188 1640 et
1210 1605 1319 1641 liceat
1347 1605 1424 1640 sine
1447 1609 1543 1640 metu
1570 1605 1719 1640 alterius
1742 1605 1829 1649 legis
1861 1609 1898 1640 et
1920 1604 2124 1640 oeconomis
2149 1603 2402 1639 ecclesiasticis
2425 1608 2462 1639 et

198 1655 224 1690 4
246 1647 321 1683 viro
356 1649 580 1684 sanctissimo
614 1648 782 1694 episcopo
815 1649 967 1685 vendere
1001 1652 1038 1686 et
1070 1651 1290 1695 emptoribus
1323 1650 1456 1685 habere
1491 1649 1633 1685 easdem
1667 1660 1725 1686 res
1761 1650 1862 1686 firmo
1893 1650 1981 1685 iure.
2027 1649 2223 1685 Habebunt
2254 1653 2372 1685 autem
2404 1650 2462 1685 dei

246 1693 497 1738 omnipotentis
527 1694 659 1730 crimen
686 1694 870 1730 oeconomi
897 1695 1084 1737 ecclesiae,
1119 1695 1150 1731 si
1171 1696 1290 1741 pretia
1320 1705 1411 1740 quae
1434 1695 1638 1740 acceperint
1668 1695 1706 1731 in
1729 1695 1836 1730 aliam
1866 1705 2013 1731 causam
2036 1695 2341 1740 consumpserint,
2376 1694 2462 1730 licet

245 1737 406 1782 piissima
429 1739 495 1783 sit,
526 1743 563 1774 et
585 1749 658 1774 non
679 1739 718 1774 in
738 1739 942 1785 praedictas
966 1740 1056 1776 duas
1079 1740 1324 1777 tantummodo
1349 1751 1497 1784 causas,
1527 1740 1574 1776 ad
1596 1740 1831 1776 imitationem
1854 1741 1942 1785 legis
1972 1750 2066 1785 quae
2089 1750 2197 1785 super
2219 1741 2462 1776 sacrosanctis

198 1791 222 1826 5
245 1783 339 1819 vasis
363 1783 561 1819 alienandis
583 1785 659 1819 lata
681 1787 746 1820 est.
793 1785 852 1820 Sic
874 1786 1004 1821 etenim
1027 1790 1064 1821 et
1082 1786 1238 1822 venditio
1262 1786 1467 1822 necessarIa
1487 1785 1662 1832 procedat
1689 1789 1726 1821 et
1748 1790 1852 1822 actus
1874 1785 2024 1831 piissimi
2046 1796 2120 1822 non
2143 1785 2402 1821 defraudentur
2426 1788 2462 1820 et
2485 1794 2529 1826 30

245 1828 385 1864 aniinae
406 1829 587 1865 hominum
610 1839 683 1865 non
705 1829 915 1875 depereant,
948 1841 1028 1866 cum
1051 1833 1088 1866 et
1110 1835 1286 1867 terrarum
1307 1831 1489 1877 possessio
1517 1834 1554 1866 et
1581 1841 1699 1867 rerum
1722 1831 1906 1867 mobilium
1936 1841 2009 1866 non
2039 1831 2148 1867 talem
2176 1830 2309 1867 habeat
2340 1840 2462 1866 curam

245 1874 387 1955 necmilta
408 1874 723 1955 sazaffilcessariate
752 1877 794 1910 ut
815 1876 1036 1921 captivorum
1057 1876 1252 1922 redemptio
1284 1881 1322 1912 et
1350 1877 1424 1912 vita
1447 1876 1642 1921 egentium,
1676 1886 1768 1921 quae
1799 1879 1837 1912 et
1859 1876 1998 1912 animas
2022 1877 2161 1912 salvant
2191 1881 2228 1911 et
2259 1876 2325 1912 deo
2350 1877 2461 1911 omni-

354 1919 382 1955 ti
535 1921 545 1928 ’
559 1930 598 1955 es
620 1930 688 1955 sun

244 1929 292 1964 po
448 1965 662 2010 pungas.)
706 1964 872 2002 Gravitas
893 1965 1015 2012 itaque
1043 1970 1107 2002 tua
1137 1976 1229 2012 quae
1257 1977 1323 2012 per
1351 1967 1445 2004 hanc
1477 1967 1668 2013 specialem
1691 1966 1803 2012 legem
1835 1970 1960 2002 nostra
1990 1966 2147 2002 decrevit
2171 1966 2365 2002 aeternitas
2390 1971 2463 2001 tam

515 2010 525 2018 ‘
933 2012 943 2020 “
966 2015 1146 2057 procuret.
1217 2011 1352 2048 Datx.
1371 2012 1444 2048 kal.
1464 2012 1577 2057 April.
1598 2012 1668 2048 ΟΡ.
1688 2012 1775 2057 imp.
1794 2011 1853 2047 dn.
1873 2012 2062 2048 Iustiniani
2085 2023 2148 2057 pp.
2172 2013 2262 2057 Aug.
2288 2022 2383 2048 anno
2398 2012 2460 2047 XI.
2486 2020 2528 2053 35

1982 2066 1988 2070 ·
2320 2060 2366 2100 [a.
2384 2060 2463 2100 538]

245 2008 626 2092 fflfflffi
658 2020 742 2091 :¹:¹¹²
764 2020 786 2047 ⁰

297 2145 381 2180 Nov.
397 2146 724 2181 LXV=AuelienL
737 2147 891 2181 LXVII
911 2149 1030 2181 Latine
1050 2156 1170 2182 tanna·
1189 2156 1276 2182 extat
1299 2146 1422 2193 (νεαρὰ
1439 2144 1506 2188 ξε’;
1520 2167 1562 2172 -
1586 2149 1646 2181 καὶ
1666 2144 1757 2190 αὕτη
1780 2145 1845 2190 οὐχ
1862 2147 2014 2192 εὑρέθη·
2048 2150 2132 2192 περὶ
2155 2147 2219 2181 τοῦ
2242 2145 2287 2180 τὰ
2309 2144 2416 2193 γῆὃια
2442 2144 2463 2189 ἢ

245 2190 358 2225 οἴκους
386 2186 410 2233 ἦ
437 2187 614 2235 ἆμπὲλους
639 2192 686 2234 τῆ
707 2190 889 2238 ἆγιωτᾶτη
914 2190 1079 2235 ἐκκλησία
1101 2196 1230 2236 pamiae
1250 2194 1301 2227 εἰς
1319 2190 1514 2238 ἀνάρρυσιν
1538 2191 1780 2235 αἰχμαλώτων
1803 2191 1824 2234 ἦ
1847 2194 1895 2226 εἰς
1917 2190 2130 2237 ἀππροφὴν
2164 2194 2325 2234 πτωχῶν
2354 2205 2461 2226 κατα-

246 2234 495 2280 λιμπανόμενα
517 2233 703 2270 δύνασθαι
724 2237 953 2270 ἑκποιεῖσθαι
976 2236 1067 2271 κατὰ
1090 2237 1157 2272 τὸν
1179 2237 1434 2285 περιεχόμενον
1455 2238 1501 2280 τῆ
1522 2235 1683 2277 διατάξει
1707 2234 1983 2283 προςδιορισμόν
1997 2239 2066 2279 Μ).
2090 2258 2136 2262 -
2158 2239 2249 2281 Epit-
2275 2239 2395 2272 Theod.
2418 2239 2461 2272 65

246 2283 334 2323 (inde
345 2282 400 2324 L),
424 2283 545 2316 Alban.
559 2282 637 2324 21⁰
659 2283 747 2325 (inde
763 2284 843 2318 Coa.
857 2290 954 2317 const.
968 2284 1043 2316 eccl-
1055 2284 1127 2326 111,
1139 2291 1168 2325 2,
1181 2288 1239 2325 10).
1288 2284 1407 2318 Iulian.
1423 2291 1521 2317 const.
1537 2284 1631 2317 LIX
1635 2296 1643 2320 ;
1672 2285 1877 2317 summarium
1898 2291 1945 2316 est
1963 2285 2058 2317 etiam
2080 2285 2113 2316 in
2138 2285 2317 2327 appendice
2338 2283 2465 2317 Iuliani

244 2325 588 2371 (IaL‘fi15Y‘unde
610 2328 713 2362 edidit
738 2328 890 2362 Cuiacz'us
913 2329 947 2361 in
970 2331 1167 2373 apatirion«
1190 2329 1351 2371 novellae,
1379 2330 1424 2362 aL
1447 2330 1514 2363 vid.
1539 2341 1594 2372 ap.
1620 2329 1758 2362 Haenel.
1785 2329 1832 2362 ad
1852 2329 1981 2362 Iuliani
2001 2341 2029 2362 c.
2043 2329 2132 2370 203).

295 2443 310 2474 l
337 2440 506 2473 Nouellum
528 2453 589 2473 om.
608 2440 653 2480 R,
677 2442 772 2473 habet
794 2454 812 2474 r
825 2443 859 2483 f.
872 2443 932 2474 90³
949 2449 1023 2483 pose
1044 2454 1114 2474 nov.
1128 2441 1222 2474 LXI
1231 2441 1259 2474 V
1272 2458 1318 2470 =
1350 2438 1354 2443 ’

244 2485 343 2518 Antia.
354 2483 490 2528 LXV}
509 2486 582 2528 lsq.
596 2483 636 2530 sp
650 2485 716 2517 ΖΖ
725 2486 802 2529 (pro
818 2485 895 2526 ΞΖ)
906 2485 1041 2519 LXVII
1059 2485 1153 2530 712
1165 2488 1253 2519 rubr.
1269 2487 1318 2519 De

246 2530 344 2562 terris
373 2528 426 2562 vel
448 2528 601 2562 domibus
631 2529 683 2562 vel
706 2530 813 2563 vineis
842 2541 927 2573 quae
949 2530 1086 2564 relictae
1110 2534 1190 2564 sunt
1213 2531 1316 2564 eccle-

246 2576 315 2608 siae
337 2574 464 2618 Mysiae
489 2575 527 2607 in
547 2574 808 2618 redemptionem
837 2575 1044 2620 captivorum
1068 2578 1127 2609 aut
1146 2576 1184 2608 in
1207 2576 1316 2609 nutri-

246 2621 370 2653 tionem
392 2629 576 2662 pauperum
598 2630 692 2663 posse
709 2621 818 2654 veniri
836 2621 950 2662 (vendi
968 2622 1133 2665 Ouiae-ius)
1153 2632 1222 2654 non
1239 2622 1317 2654 sim·

245 2665 379 2708 pliciter
397 2664 454 2698 sed
470 2665 651 2698 secundum
668 2665 916 2699 distinctionem
931 2667 1033 2700 huius
1048 2666 1132 2709 legis
1150 2680 1228 2710 app.
1241 2667 1317 2708 Iul„

245 2712 315 2743 εὐι-
329 2710 466 2752 Μ(υι“ᾰε
477 2712 591 2754 supra)
606 2718 636 2744 et
645 2711 740 2749 aum
765 2711 817 2745 De
835 2711 933 2745 rebus
952 2711 1180 2745 immobilibus
1202 2712 1244 2744 ad
1265 2722 1316 2744 ec-

246 2754 379 2788 clesiam
390 2755 515 2798 Mysiae
525 2755 772 2799 pertinentibus
784 2757 848 2790 Iul.
859 2769 868 2794 ;
893 2759 983 2802 Περὶ
998 2757 1077 2790 τῶν
1091 2755 1316 2800 καταλελειμ-

245 2802 368 2843 μένων
397 2801 443 2846 τῇ
472 2798 639 2843 ἐκκλησία
669 2803 809 2835 Μυσίας
832 2803 953 2836 Theoti.
973 2803 1031 2844 (L)
1069 2801 1083 2846 Ι
1116 2803 1213 2835 misie
1245 2803 1315 2839 Vr;

243 2853 394 2888 praestat
403 2846 546 2879 Moesiae
561 2846 575 2889 Ι
591 2847 789 2879 relectarum
810 2847 867 2890 V}
882 2849 905 2881 4
923 2849 1018 2882 inser.
1032 2861 1093 2881 om.
1106 2861 1123 2880 r
1139 2847 1153 2892 Ι
1169 2849 1271 2892 misye
1291 2847 1324 2880 V

247 2891 304 2932 (cs.
317 2891 363 2923 ad
371 2903 401 2924 v.
411 2892 446 2932 2)
463 2890 477 2935 Ι
492 2893 512 2926 5
525 2893 568 2924 in.
582 2891 711 2924 Scimus
721 2895 819 2925 antea
830 2892 938 2935 legem
950 2894 1002 2927 eit.
1012 2893 1056 2934 L,
1080 2893 1210 2926 Scimus
1221 2895 1318 2925 antea

247 2935 472 2977 promulgame
484 2936 560 2969 Am.
575 2937 588 2979 Ι
605 2935 724 2979 legem]
741 2950 811 2970 nov.
829 2938 902 2971 VII
914 2937 928 2982 Ι
943 2939 964 2972 6
976 2938 1062 2981 lege]
1077 2951 1146 2972 nov.
1157 2938 1292 2972 XLVI
1306 2937 1318 2980 ἰ

243 2980 618 3069 ·Ξὶ“ἴέ“ι’*“’ἔι“ἵιεῗέὲ;ιὲ
637 2982 995 3070 ἓῗῗέῗοῖζζωὶἒίῗ
1009 2983 1191 3072 ἶοιιῗῖἒῖιῗ
1206 2983 1318 3061 ξὲξέἓ

249 3069 344 3102 uenit
358 3071 515 3103 memoria
528 3084 546 3103 r
560 3071 575 3114 Ι
591 3072 611 3105 8
625 3071 859 3105 *Odissitanae
871 3074 906 3114 (ι’.
918 3085 944 3106 e.
958 3073 1194 3115 Odeasitanae)]
1213 3073 1319 3106 elissi-

250 3114 701 3157 nateVelinaterflforma
720 3117 948 3160 1'19nequi
969 3118 1319 3162 V]nequer110in

251 3160 363 3190 nostra
381 3160 477 3192 uenit
496 3163 654 3194 memoria
674 3175 693 3194 r
709 3161 723 3206 Ι
750 3165 788 3197 11
808 3162 1043 3205 abdicavimus]
1070 3164 1148 3198 Cod.
1164 3166 1196 3205 1,
1217 3171 1245 3204 2,
1259 3171 1291 3198 21
1306 3162 1319 3207 ΙΙ

256 3201 298 3234 12
319 3203 541 3247 redemptione
562 3219 580 3238 r
599 3206 613 3249 Ι
636 3206 817 3250 redemptio
841 3221 901 3242 on.
924 3210 958 3242 in
983 3210 1101 3242 lacuna
1127 3210 1168 3244 12
1187 3211 1246 3242 liu.
1268 3208 1317 3250 Vl*

257 3247 299 3279 13
320 3249 417 3298 antea
436 3249 609 3283 subsecuta
630 3253 661 3292 r]
683 3254 761 3284 ante
779 3254 870 3293 (ause
891 3253 958 3294 1⁷⁸)
981 3253 1135 3287 absecuta
1156 3253 1213 3297 Vn
1236 3263 1319 3295 quae

255 3293 401 3323 narratio
417 3292 464 3333 V]
482 3303 641 3335 quaenam
657 3297 786 3330 ratione
799 3311 816 3331 r
831 3298 846 3341 Ι
863 3300 906 3332 14
917 3297 1001 3340 legis
1011 3300 1107 3332 uenit
1117 3299 1316 3331 memoriam.

257 3345 378 3396 etenim
399 3359 418 3378 r
482 3351 717 3385 sacratissimus
738 3367 756 3386 r
782 3353 797 3397 Ι
823 3354 887 3395 vir]
906 3341 929 3387 ii
946 3355 981 3395 (ι’.
991 3367 1018 3387 e.
1031 3354 1103 3396 ubi)
1125 3354 1189 3398 V·
1212 3365 1318 3387 sacra-

257 3391 414 3422 timmam
464 3394 493 3433 r]
510 3396 841 3444 quetinimmmlq.
859 3399 872 3442 Ι
891 3400 932 3433 15
945 3399 1096 3432 multasr
1114 3402 1126 3441 Β
1143 3402 1185 3434 16
1195 3411 1317 3443 paupe-

257 3436 654 3489 rum—lssoeptivorum
676 3442 728 3475 vol
751 3455 811 3476 om.
832 3443 898 3487 V}
923 3446 1120 3476 memoratus
1143 3458 1221 3488 rpr.
1245 3444 1258 3488 Ι
1282 3455 1319 3477 ac

257 3480 365 3511 tamen
378 3492 396 3511 r
411 3479 425 3522 Ι
443 3482 483 3514 17
497 3481 586 3514 *iam
598 3485 729 3528 petivit]
748 3489 942 3530 eompetiuit
955 3502 971 3521 r
983 3489 1183 3531 (competens
1196 3490 1297 3534 tuly.)
1308 3489 1320 3533 ᾖ

1385 2442 1442 2479 (16
1453 2444 1515 2483 sq.)
1529 2453 1636 2474 errore
1649 2443 1764 2484 repetit
1778 2455 1795 2474 r
1802 2454 1858 2484 pr.
1872 2443 1941 2483 (em.
1954 2454 1993 2475 m.
2009 2443 2036 2482 1)
2053 2440 2067 2486 Ι
2088 2441 2362 2474 sustentationem
2380 2453 2462 2485 pau-

1385 2487 1513 2527 perum]
1542 2485 1843 2519 substentationem
1868 2486 2078 2529 captiuorum
2110 2487 2165 2520 nel
2188 2488 2463 2520 sustentationem

1386 2541 1568 2573 pauperum
1591 2530 1639 2575 νΙ
1664 2532 1705 2565 19
1726 2531 1906 2564 donatione
1925 2532 1973 2575 νΙ
1998 2533 2041 2566 20
2058 2533 2109 2564 sin
2129 2535 2252 2575 autem]
2276 2533 2305 2566 si
2331 2532 2389 2565 aiit
2411 2547 2429 2566 r

1387 2578 1427 2610 21
1454 2577 1535 2618 non]
1566 2587 1600 2609 se
1623 2586 1692 2609 non
1722 2576 1771 2610 V¹
1800 2575 1814 2620 Ι
1840 2576 2062 2619 colliguntur]
2093 2577 2131 2609 in
2153 2577 2362 2619 colliguntur
2393 2579 2428 2612 V

1387 2621 1431 2654 22
1453 2621 1603 2654 forsitam
1626 2621 1672 2665 νΙ
1690 2621 1796 2654 dediti
1818 2621 1868 2664 in]
1892 2622 2042 2656 deditum
2061 2622 2095 2655 V
2112 2622 2233 2656 deditis
2252 2624 2289 2655 in
2314 2637 2330 2656 r
2347 2623 2362 2668 Ι
2380 2634 2462 2657 uen-

1386 2665 1514 2699 ditione
1536 2666 1571 2699 V
1588 2665 1603 2711 Ι
1627 2667 1668 2700 23
1692 2667 1806 2700 domos
1827 2667 1913 2710 Vr.
1937 2669 1982 2702 24
2003 2668 2226 2701 instrumenta
2247 2669 2309 2712 V!
2334 2668 2393 2701 ubi
2415 2669 2462 2711 V]

1385 2711 1551 2755 utr126
1569 2711 1944 2752 fueruntrlflrmitate
1965 2713 2022 2757 V}
2045 2716 2079 2746 et
2099 2713 2145 2755 V]
2169 2714 2291 2757 σηινΙ
2314 2713 2386 2756 legi
2405 2714 2465 2758 Vl]

1386 2758 1428 2791 27
1449 2758 1573 2798 autem]
1593 2759 1653 2789 aut
1674 2770 1693 2790 r
1721 2756 1736 2801 Ι
1763 2758 1807 2792 29
1829 2768 1923 2791 sacro
1941 2760 2021 2791 sunt
2042 2759 2166 2791 sanctis
2188 2759 2236 2802 νΙ
2260 2761 2303 2794 30
2328 2763 2361 2792 et
2385 2769 2463 2791 ven-

1385 2801 1483 2844 ditio]
1503 2804 1536 2834 et
1554 2815 1612 2835 om.
1629 2816 1646 2835 r
1662 2802 1675 2846 Ι
1692 2813 1760 2836 non
1779 2802 2030 2846 defi-audeatur]
2054 2806 2088 2836 et
2105 2804 2186 2836 inde
2206 2804 2402 2837 fraudentur
2419 2819 2435 2837 r
2450 2804 2463 2849 Ι]

1386 2848 1427 2882 31
1449 2857 1517 2880 non
1540 2847 1731 2890 depereant]
1754 2848 1833 2882 inde
1854 2852 1993 2892 pereant
2016 2862 2035 2882 r
2102 2849 2324 2882 immobilium
2348 2849 2388 2883 P.
2405 2850 2463 2882 Pi-

1387 2893 1495 2926 thoeus
1511 2892 1526 2936 Ι
1547 2903 1629 2926 cura
1648 2892 1704 2938 V.
1722 2894 1765 2927 32
1788 2893 1834 2926 sit
1851 2894 2031 2926 neeenaria
2088 2896 2231 2937 ἐΙιοεωΙ
2258 2895 2302 2929 34
2317 2896 2462 2928 Alterum

1386 2949 2463 3042 matjam‚¹5⁰4253Z30033“:{¹.‘.5²;.?}253⁸.33,0.

1386 3036 1508 3072 λονότι
1530 3037 1643 3072 κακὸν
1666 3039 1814 3085 πρᾶγμα
1836 3041 1931 3081 ἔχων
1960 3043 2019 3073 καὶ
2040 3039 2378 3086 προκαταρξάμενος
2401 3042 2460 3071 καὶ

1386 3081 1533 3125 κληθεὶς
1554 3087 1715 3127 νομίμως
1736 3087 1797 3118 καὶ
1818 3084 1868 3127 μὴ
1890 3081 2104 3125 ὑπακούσας,
2128 3098 2211 3129 quae
2230 3087 2392 3127 pertinent
2415 3085 2462 3116 ad

1388 3142 1458 3162 nov.
1471 3130 1606 3163 LXIX
1623 3142 1650 3163 c.
1667 3132 1687 3164 3
1705 3130 1718 3173 Ι
1734 3132 1775 3164 35
1789 3131 1974 3173 mantipare
1995 3131 2052 3173 V!
2067 3131 2242 3163 obseruare
2258 3142 2276 3161 r
2321 3130 2459 3161 subscri-

1385 3175 1525 3217 ptionem
1548 3176 1692 3209 dedimus
1716 3188 1755 3208 ex
1776 3176 1853 3208 Vet
1873 3188 1949 3219 app.
1962 3175 2026 3208 lul.
2045 3177 2058 3217 Ι
2074 3185 2109 3206 x.
2126 3174 2192 3206 kal-
2209 3175 2261 3215 Ap
2282 3173 2289 3180 ’
2308 3197 2316 3204 .
2339 3173 2456 3216 Vapp.

1388 3220 1464 3261 lut]
1488 3216 1682 3253 καλανδῶν
1696 3215 1914 3265 Ἀπριλλίων
1926 3221 2003 3253 Ath.
2025 3221 2112 3261 μηνὶ
2132 3216 2286 3262 ἀπριλίῳ
2307 3217 2339 3249 T
2334 3218 2426 3250 head.
2445 3218 2459 3261 Ι

1389 3265 1642 3307 constantinop.
1664 3265 1760 3308 impr.
1778 3265 1856 3298 ᾶὸἶι.
1873 3266 1956 3297 Iust.
1974 3275 2030 3307 pp.
2051 3274 2126 3304 aug.
2148 3261 2302 3294 annoXI
2329 3262 2365 3302 V,
2389 3261 2456 3294 GP.

1388 3312 1473 3388 ξπ.
1484 3309 1544 3395 ..13
1558 3310 1640 3387 ξω
1658 3321 1715 3388 95·
1732 3307 2457 3397 θῖῑ-έῖ,;τεῇῑ;ετ,;τεῦσῖεεεηες

1387 3399 1452 3432 τοῦ
1463 3399 1516 3432 ια’
1532 3367 1656 3440 (adepL)
1681 3401 1780 3432 ἔτους
1802 3401 1863 3439 ris
1885 3395 2067 3439 βασιλείας
2086 3396 2204 3428 Theod.
2220 3395 2233 3438 Ι
2252 3395 2296 3427 36
2312 3395 2458 3428 Iohanni

1388 3445 1464 3477 niro
1480 3445 1661 3477 clarissimo
1680 3444 1814 3476 consule
1836 3443 1871 3480 1⁷,
1894 3443 1965 3473 1011.
1982 3451 2031 3472 uc.
2047 3439 2172 3471 consul.
2188 3452 2264 3482 app.
2277 3439 2342 3473 Iul.
2365 3436 2457 3474 ὑπα-

1354 3520 1356 3527 ,
1388 3491 1467 3531 τείᾳ
1485 3487 1654 3521 Ἰωάννου
1679 3489 1797 3522 ΤΙιεοᾰ.
1823 3484 1993 3518 ὑπατείας
2013 3481 2186 3517 Ἀπίωνος
2206 3485 2282 3517 ΔιΙι.
2321 3488 2457 3525 (subscr.

260 3524 300 3557 13
319 3531 395 3567 1²<m
416 3525 623 3567 “Pfium'nm
643 3530 699 3562 uel
717 3535 825 3566 verba
853 3543 1035 3575 pauperum
1059 3553 1103 3558 —
1126 3539 1320 3567 memoratos
1352 3544 1358 3567 ι
1389 3535 1456 3566 dat.
1481 3544 1567 3566 cous.
1594 3534 1752 3565 Iohannis
1777 3530 1874 3564 Iul-⁶1³
1911 3530 1976 3561 dat.
2001 3528 2125 3561 consul.
2150 3530 2250 3570 IuL‘)

2196 3719 2260 3754 43·
