2476 3854
91 83 198 125 Nov.
230 82 364 127 CLIX
393 97 454 138 pr.

579 197 671 239 FF&

132 274 268 311 ΩΣΤΕ
303 274 408 308 ΤΑΣ
441 273 920 308 ΥΠΟΚΑΤΑΣΤΑΣΕΙΣ
959 274 1124 309 MEXPI

283 320 415 354 ΕΝΟΣ
451 318 672 354 ΒΑΘΜΟΥ
705 319 959 354 ΙΣΤΑΣΘΑῙ.

83 471 122 509 ‘0
156 473 263 509 αὐτὸς
301 472 467 518 βασιλεὺς
502 476 630 520 Πέτρῳ
666 474 720 517 τῷ
757 472 984 519 ἐνδοξοτάτῳ
1020 473 1165 522 ἐπάρχῳ

331 520 409 553 τῶν
433 517 541 565 ἱερῶν
564 523 801 566 πραιτωρίων
823 520 865 554 τὸ
888 521 936 564 β’.

167 586 230 631 (Π
235 599 255 631 ρ
264 599 283 620 ο
292 599 311 620 ο
319 589 335 620 ί
335 600 365 640 μ
377 601 388 621 ι
398 599 416 620 ο
426 586 483 641 ν.)
546 588 724 622 Τοσοῦτον
761 585 856 643 ἦὶμῒντ
883 586 1167 642 φιλανθρωπίας

84 634 279 676 περίεστιν,
315 643 364 665 ως
399 631 490 676 μηδὲ
523 631 586 666 τοὶς
618 630 805 667 ἰδιωτικας
835 634 1047 676 υποθέσεις,
1083 645 1166 668 οσαι

1167 81 1254 128 736
1904 103 1965 132 nn
1991 103 2314 136 susurrum-mne

1542 207 1665 244 CLIX.
1757 209 1865 245 Auth.
1884 210 2042 247 CXXVI.
2060 211 2148 248 Con.
2159 212 2213 248 IX
2226 213 2281 250 tit.
2293 216 2314 250 8

1234 273 1276 354 ff
1294 273 1360 309 DE
1377 273 1736 312 RESTITUTIONE
1755 275 1783 311 F
1786 276 2120 314 IDEICOMMISSI
2136 279 2214 322 [ΕΤ
2230 279 2313 317 ΝΟ-

1276 318 1361 354 ΙΝΕ
1392 318 1645 364 FAMILIAE]
1674 320 1830 366 USQUE
1862 322 1928 357 AD
1960 323 2162 367 QUOTUM
2197 324 2313 361 GRA-

1237 363 1343 401 DUM
1366 363 1533 400 LOCUM
1556 365 1731 408 HABE'I',
1755 367 1820 402 ET
1868 366 1953 404 UIA
1972 367 2211 405 FAMILIAE}
2230 370 2313 408 No-

1323 408 1450 446 MINE
1477 409 1636 447 ΕΤΙΔΜ
1660 411 1822 449 NURUS
1877 412 2162 451 ONTINETUR.
2181 414 2223 460 R,

1461 476 1560 514 Idem
1583 479 1674 523 Aug.
1698 479 1805 516 Petro
1828 490 1888 525 pp.
1915 480 2083 517 secundo.

1301 588 1601 637 (Praefatio.)
1657 590 1775 627 Tanta
1811 591 1914 628 nobis
1955 575 2188 629 humanitatis
2227 603 2314 630 curs

1236 636 1308 676 est,
1346 637 1389 670 ut
1424 645 1541 681 neque
1578 635 1733 682 privatas
1773 636 1992 680 cognitiones
2026 647 2118 683 quae
2151 637 2313 674 videntur

85 675 252 710 δοκοῦσιν
276 674 363 720 ἡμῖν
388 677 536 732 ζήτησιν
552 677 785 723 ὑπερβαίνειν
802 676 1023 722 δικαστικήν,
1047 679 1088 714 νό
1117 690 1166 713 οις
1182 681 1222 714 10
1236 679 1339 715 nobis
1359 681 1603 725 quaestionem
1618 682 1790 717 excedere
1807 681 2009 718 iudicialem
2026 683 2163 727 legibus
2180 683 2312 719 nostris

84 719 267 765 ἡμετέροις
298 720 469 766 διορίζειν
493 723 683 766 απαξιοῦν,
714 722 763 757 αἱς
784 723 833 767 μὴ
857 721 1043 759 ὑπόθεσιν
1067 692 1166 758 idim-

83 765 189 809 τικὴν
222 764 515 813 ’ὑπερβαίνουσαν
547 765 662 811 ἀκοὴν
694 769 742 803 εἰς
766 766 996 812 δικαστὴοιον
1019 771 1166 816 φερομέ-

83 824 150 853 νην
180 812 301 856 μακρᾷ
331 812 412 846 τοὺς
445 809 754 858 ἆμφιςβητοῖντας
778 801 1024 859 παραδιδόναι
1046 828 1067 848 τ
1093 815 1164 862 ιβῇ.

80 852 309 902 Ἀλέξανδρος
339 861 464 892 τοίνυν
497 856 516 891 ὁ
550 856 786 899 ἐνδοξότατος
815 856 973 914 ἀνήγαγε
996 857 1066 894 πολ
1088 859 1166 893 άκις

1235 724 1383 760 definire
1406 724 1647 771 dedignamur,
1670 736 1785 771 neque
1808 726 2042 771 cognitionem
2061 727 2236 774 privatam
2250 738 2311 764 ex-

1236 770 1420 806 cedentem
1451 771 1577 807 audire
1607 772 1645 807 in
1673 771 1806 807 iudicia
1835 781 1901 816 per
1932 772 2083 808 circuita
2111 773 2218 817 longa
2240 773 2310 809 liti-

1234 818 1359 859 gantes
1383 816 1527 852 tradere
1549 815 1746 852 afflictioni.
1781 816 1985 852 Alexander
2007 817 2116 862 igitur
2137 817 2313 862 gloriosus

1236 860 1412 905 suggessit
1431 861 1533 896 nobis
1554 861 1769 903 multotiens,
1800 861 1961 896 Hierium
1983 862 2159 906 gloriosae
2179 872 2311 899 memo-

83 898 179 956 ἡμῖν,
212 900 335 946 Ἰἐριον
367 903 433 937 τὸν
464 904 527 946 τῆς
557 902 705 944 ἐνδόξου
729 903 869 948 μνήμης
893 904 1002 938 αυτοῦ
1026 907 1166 949 πατέρα
1183 906 1221 939 15
1235 905 1310 940 riae
1332 909 1471 951 patrem
1493 916 1596 942 suum
1619 906 1832 942 scribentem
1847 909 2096 942 testamentum
2111 907 2312 943 nominibus

80 959 271 993 γραφοντα
290 945 468 990 διαθήκας
492 947 626 994 ῥήμασι
649 949 857 995 χρήσασθαι
880 947 1035 983 τούτοις·
1052 947 1164 992 „Bou-

82 991 190 1036 λομαι
223 990 264 1026 δὲ
293 995 352 1026 καὶ
383 992 514 1027 κελεύω
548 994 630 1028 τοὺς
651 994 754 1048 ,ἐμοὺς
774 993 1027 1050 κληρονόμους,
1060 997 1165 1028 Κων-

1236 961 1339 986 usum
1354 950 1453 986 istis:
1478 951 1594 996 „Volo
1611 954 1730 987 autom
1746 953 1783 987 et
1797 951 1902 987 iubeo
1919 962 2018 988 meos
2035 952 2195 995 heredes,
2219 951 2312 988 Con-

1235 996 1430 1031 stantinum
1465 996 1608 1042 quidem
1635 998 1749 1033 virum
1779 996 2013 1032 clarissimum
2042 998 2247 1042 deputatam
2278 997 2312 1032 ei

82 1039 277 1091 σταντῖνον
309 1039 378 1082 μὲν
412 1038 480 1072 τὸν
515 1037 775 1086 λαμπροτατον
801 1039 871 1082 τὴν
901 1039 1167 1085 αφορισθεῖσαν
1235 1040 1378 1076 domum
1409 1051 1491 1077 cum
1521 1041 1617 1078 omni
1649 1041 1744 1077 sicut
1766 1041 1930 1087 superius
1954 1042 2126 1088 seriptum
2149 1046 2206 1078 est
2227 1051 2312 1078 oon-

82 1083 181 1125 αυτῷ
214 1082 331 1116 οἰκίαν
361 1083 455 1127 μετὰ
486 1084 641 1119 πάντων
664 1086 742 1118 τῶν
766 1084 869 1119 καθὰ
893 1087 1165 1131 προγέγραπται
1233 1085 1354 1121 iuncto
1381 1086 1415 1122 ei
1444 1086 1540 1130 iure,
1575 1089 1611 1122 et
1640 1086 1837 1132 proastium
1869 1086 1964 1132 quod
1994 1087 2032 1122 in
2063 1086 2227 1133 cupariis
2259 1091 2313 1123 est

81 1128 352 1172 συναφθέντων
377 1126 467 1176 αὐτῇ
494 1127 647 1163 δικαίων
670 1132 730 1163 καὶ
753 1129 796 1164 τὸ
822 1131 1040 1176 προάστειον
1063 1129 1107 1164 τὸ
1125 1131 1164 1164 ἐν
1177 1132 1219 1165 20
1234 1141 1315 1166 cum
1337 1131 1432 1167 omni
1455 1132 1549 1167 sicut
1571 1132 1735 1177 superius
1757 1131 1931 1184 scriptum
1953 1134 2008 1168 est
2036 1134 2258 1177 competente
2280 1132 2314 1168 ei

81 1176 155 1207 τοῖς
190 1175 402 1216 Κωπαρίοις
436 1174 526 1218 μετὰ
563 1174 719 1209 πάντων
754 1175 857 1209 καθὰ
893 1177 1164 1222 προγέγραπται

80 1219 158 1251 τῶν
190 1215 445 1263 διαφερόντων
477 1216 576 1262 αὐτῷ
604 1218 757 1254 δικαίων
780 1222 840 1253 καὶ
862 1220 933 1264 τὴν
955 1221 1074 1255 οἰκίαν
1096 1220 1164 1264 τὴν

81 1264 121 1297 ἐν
133 1261 332 1306 Ἀντιοχείᾳ
355 1262 425 1307 τὴν
449 1263 541 1299 κατὰ
558 1265 794 1310 Μαμμιανύν,
815 1261 1010 1311 Ἀνθέμιον
1034 1264 1074 1300 δὲ
1095 1265 1164 1299 τὸν

79 1306 303 1354 γλυκύτατον
326 1306 370 1343 τὸ
391 1308 606 1354 προάστειον
629 1310 671 1344 τὸ
698 1312 738 1344 ἐν
763 1308 980 1356 Βλαχέρναις
1003 1309 1046 1345 τὸ
1072 1309 1163 1344 κατὰ

1233 1176 1321 1219 iure,
1342 1181 1379 1211 et
1402 1177 1545 1212 domum
1569 1187 1661 1222 quae
1682 1177 1720 1212 in
1737 1176 1929 1212 Antlochia
1950 1179 2031 1212 cata.
2045 1177 2311 1220 Mammianum,

1232 1221 1460 1257 Anthemium
1506 1232 1589 1258 vero
1628 1221 1870 1258 dulcissimum
1907 1222 2105 1267 proastium
2144 1222 2239 1267 quod
2274 1222 2312 1258 iu

1233 1266 1428 1303 Blaeernas
1462 1269 1517 1302 est
1551 1269 1632 1303 cata
1654 1267 1854 1311 Eugenium
1876 1270 1914 1304 et
1935 1267 2113 1303 Iulianum
2134 1268 2312 1312 gloriosae

1231 1312 1421 1348 memoriae
1455 1313 1569 1356 viros,
1603 1315 1640 1348 et
1675 1313 1872 1358 proastium
1908 1312 2003 1358 quod
2035 1313 2075 1348 in
2109 1312 2312 1348 summitate

80 1350 254 1403 Εὗγένιον
282 1356 342 1387 καὶ
365 1350 562 1390 Ἰουλιανὸν
584 1353 665 1390 τοὺς
685 1356 747 1398 τῆς
770 1354 919 1396 ἐνδόξου
941 1353 1081 1409 μνήμῃς
1104 1358 1164 1389 καὶ
1178 1357 1219 1391 25
1234 1357 1331 1393 sinus
1356 1357 1512 1393 Sostenii
1543 1360 1598 1393 est
1629 1357 1724 1403 quod
1756 1357 1935 1403 quondam
1966 1360 2048 1394 cata
2070 1358 2312 1394 Ardaburlum

80 1411 123 1432 το
157 1396 375 1444 προάστειον
404 1399 447 1434 τὸ
475 1403 516 1434 ἐν
546 1402 600 1444 τῷ
624 1399 722 1445 ἄκρῳ
747 1402 811 1435 τοῦ
835 1400 969 1436 κόλπου
992 1414 1057 1436 του
1083 1403 1161 1435 Σω-

80 1443 231 1478 σθενίου
255 1442 299 1478 τό
325 1455 414 1479 ποτε
435 1444 528 1479 κατὰ
550 1443 811 1494 Ἀρδαβούριον
836 1446 905 1480 τὸν
927 1447 991 1490 τῆς
1014 1444 1163 1487 ἐνδόξου

78 1489 238 1534 μνήμης,
273 1487 500 1525 Καλλιόπιον
536 1488 577 1524 δὲ
609 1492 678 1525 τὸν
711 1490 813 1536 λαμπ
838 1491 970 1526 ότατον
1001 1490 1044 1526 τὸ
1077 1503 1163 1538 προ-

80 1533 226 1569 ἀστειον
250 1534 292 1568 τὸ
311 1534 503 1581 Βυθάριον
525 1535 607 1580 ἢτοι
630 1537 693 1571 τοῦ
710 1536 799 1571 Φιλο
834 1539 902 1580 έου,
925 1540 987 1571 καὶ
999 1535 1163 1577 Αλέξαν-

81 1577 169 1622 δρον
187 1578 255 1614 τὸν
280 1579 541 1626 λαμπρότατον
553 1581 608 1634 ἱτὸ
633 1579 854 1628 προάστειον
877 1581 921 1617 τὸ
947 1584 987 1616 έν
1009 1584 1083 1616 τοῖς
1098 1585 1162 1616 Be·
1176 1583 1219 1617 30

78 1627 194 1658 νέτοις
215 1623 265 1668 μὴ
290 1627 492 1669 ἐκποιῆσαι,
515 1640 565 1671 μη
582 1627 675 1661 κατὰ
692 1629 829 1673 πρᾶσιν
843 1626 892 1672 μὴ
912 1626 1002 1662 κατὰ
1021 1626 1164 1673 δωρεὰν

1231 1402 1407 1446 gloriosae
1438 1403 1646 1445 memoriae,
1679 1402 1889 1448 calliopium
1914 1412 1997 1439 vero
2019 1403 2134 1438 virum
2156 1403 2311 1439 clarissi-

1230 1458 1327 1483 mum
1349 1448 1546 1493 proastium
1569 1447 1752 1493 Bytarium
1773 1449 1845 1483 sive
1868 1449 1951 1484 cata
1971 1448 2207 1491 Philotheum‚
2228 1448 2313 1495 (et)

1230 1493 1474 1529 Alexandrum
1509 1493 1623 1529 virum
1659 1493 1894 1529 clarissimum
1924 1493 2121 1539 proastium
2149 1495 2246 1539 quod
2273 1493 2311 1528 iu

1232 1537 1379 1575 Venetis
1402 1541 1468 1583 est,
1501 1548 1574 1575 non
1597 1538 1756 1582 alienari,
1787 1548 1859 1575 nou
1880 1548 1945 1584 per
1967 1538 2216 1583 venditionem,
2238 1549 2312 1575 nou

215 1716 299 1749 Nov.
319 1717 440 1750 CLIX
461 1718 517 1759 (=
528 1718 626 1751 Aueh.
650 1719 751 1752 CXX
758 1719 810 1752 VI
819 1735 858 1749 =
884 1719 965 1753 Coll.
981 1719 1041 1752 IX
1055 1720 1100 1753 tit.
1119 1720 1157 1753 8:
1187 1719 1300 1763 ylo-ss.)
1329 1719 1455 1754 Graece
1486 1727 1574 1754 extat
1603 1721 1637 1754 in
1663 1720 1746 1760 ML,
1767 1721 1841 1763 fm't
1870 1721 1904 1754 in
1928 1720 1961 1754 Β
1976 1721 2071 1763 36,1‚
2088 1728 2116 1755 ’1.
2140 1738 2186 1746 ·-
2217 1718 2309 1766 Epit-

82 1760 203 1794 leeod.
224 1762 300 1803 159,
323 1762 445 1796 Alban.
462 1764 552 1805 9,11,
576 1764 761 1808 Anonymus
785 1763 992 1798 Bodleianus
1017 1765 1059 1798 29
1075 1776 1111 1808 p.
1129 1764 1194 1798 223
1219 1765 1322 1799 Zach.
1369 1765 1490 1799 Iulian.
1516 1772 1614 1799 conse.
1645 1765 1796 1799 CXVII.

1136 1930 1260 1967 CLIX.

545 1993 609 2034 UT
635 1996 1072 2034 SUBSTITUTIONES
1102 1976 1294 2034 INLUNO
1328 1997 1498 2035 GRADU
1526 1996 1847 2036 SUBSISTANT.

475 2063 574 2101 Idem
597 2066 782 2111 Auqustus
805 2064 916 2102 Petro
941 2065 1204 2111 qlorz'osissimo
1221 2066 1418 2113 praefecto
1441 2077 1549 2103 sacro
1566 2067 1760 2115 praetorio
1783 2067 1922 2103 iterum.

213 2130 475 2178 Praefatio.
515 2132 633 2169 Tanta
656 2131 878 2168 humanitate
901 2132 1138 2178 abundamus,
1161 2136 1203 2169 ut
1224 2143 1270 2169 ne
1290 2133 1456 2179 privatas
1480 2134 1623 2186 quidem
1653 2144 1796 2175 causas,
1821 2133 2066 2180 quaecumque
2081 2132 2310 2186 iudiciquam

76 2178 322 2223 quaestionem
353 2178 529 2214 excedere
557 2178 661 2214 nobis
692 2178 871 2220 videntur,
904 2178 1042 2224 leyibus
1074 2180 1209 2214 nostris
1237 2178 1388 2224 definire
1410 2179 1655 2226 damnemur,
1684 2190 1728 2214 ne
1751 2190 1845 2226 quae
1864 2179 2046 2226 privatam
2070 2178 2309 2225 ooqnittonem

76 2222 220 2264 excedit
244 2233 355 2258 eausa
378 2223 417 2258 in
441 2223 613 2258 iudicium
637 2223 759 2259 delata
782 2223 968 2270 litiqantes
990 2223 1123 2269 lonqae
1145 2234 1270 2260 morae
1293 2223 1426 2260 tradat.
1464 2224 1544 2260 Iam
1561 2224 1774 2261 Alexander
1797 2224 1853 2260 vir
1865 2223 2148 2270 gloriosissimus
2163 2223 2311 2271 saepius

76 2267 126 2302 ad
154 2278 222 2302 nos
252 2267 402 2310 rettulit,
435 2268 604 2305 Hier-ium
633 2268 819 2314 qloriosae
849 2268 1042 2305 memoriae
1060 2273 1205 2315 patrem
1229 2279 1351 2312 suum,
1380 2279 1460 2304 eum
1485 2273 1731 2306 testamentum
1754 2268 1944 2311 scriberet,
1969 2268 2085 2304 verbis
2107 2278 2212 2304 usum
2235 2279 2311 2305 esse

76 2312 190 2347 hisce:
220 2339 243 2355 ,‚
256 2312 346 2348 Volo
378 2317 496 2349 autem
527 2324 572 2349 ae
601 2314 706 2350 iubeo
735 2312 884 2348 heredes
911 2324 1030 2358 meos,
1065 2314 1337 2349 Constantinum
1367 2314 1483 2351 virum
1513 2315 1750 2351 clarissimum
1781 2314 1924 2350 domum
1947 2313 1980 2349 ei
2000 2312 2208 2360 deputatam
2231 2324 2311 2350 cum

77 2357 240 2392 omnibus
270 2358 411 2393 iuribus
442 2359 554 2394 eidem
582 2360 675 2394 sicut
698 2364 783 2394 ante
805 2359 980 2406 scriptum
1004 2361 1058 2394 est
1081 2359 1235 2395 adnexis
1257 2364 1293 2394 et
1314 2358 1559 2395 suburbanum
1579 2360 1770 2406 praedium
1793 2359 1830 2395 in
1844 2358 1902 2395 co
1931 2358 2021 2393 ariis
2044 2369 2124 2394 cum
2149 2358 2312 2395 omnibus

76 2403 214 2437 iuribus
238 2402 288 2437 ad
309 2403 426 2449 ipsum
450 2404 544 2439 sicut
567 2407 651 2440 ante
673 2405 848 2450 seriptum
872 2407 928 2439 est
947 2404 1208 2450 pertinentibus
1231 2408 1266 2440 et
1289 2403 1428 2440 domum
1452 2404 1665 2440 Antioohiae
1687 2406 1792 2440 sicam
1816 2403 1866 2439 acl

1928 2403 2155 2446 ammianum,
2178 2402 2311 2440 Anthe-

75 2448 184 2482 mz'um
216 2452 333 2483 autem
364 2449 479 2483 virum
511 2449 754 2484 dulcissimum
785 2449 1029 2485 suburbanum
1045 2448 1242 2496 praedium
1266 2449 1303 2484 in
1330 2449 1546 2486 Blaehernis
1568 2450 1618 2485 ad
1642 2449 1843 2496 Euqenium
1865 2453 1900 2484 et
1924 2447 2107 2484 Iulianum
2127 2447 2312 2495 qlorIosae

76 2493 268 2528 memoriae
291 2497 326 2528 et
348 2494 592 2530 suburbanum
609 2494 805 2541 praedium
823 2495 861 2529 in
878 2494 1138 2546 promuntorio
1162 2496 1264 2530 sinus
1278 2493 1461 2531 Sosthenii
1484 2494 1570 2530 olim
1593 2493 1644 2530 ad
1658 2493 1899 2530 Ardaburium
1913 2493 2096 2540 qloriosae
2118 2494 2311 2530 memoriae

75 2537 198 2579 situm,
239 2537 453 2585 Calliopz'um
489 2543 607 2575 autem
645 2540 759 2575 virum
795 2539 1033 2575 elarissemum
1066 2538 1310 2575 suburbanum

76 2582 325 2618 Alexandrum
355 2584 469 2619 virum
501 2584 738 2620 clarissimum
767 2584 1011 2620 suburbanum
1036 2584 1230 2631 praedium
1262 2588 1300 2619 in

121 2739 141 2771 2
174 2741 261 2771 rubr.
285 2734 538 2778 ’Ῑουστινιανοῦ
567 2743 650 2783 περὶ
673 2742 738 2774 τοῦ
762 2740 827 2774 τὰς
848 2738 1159 2775 ἀποκαταστάσεις

73 2786 191 2827 μέχρις
223 2783 302 2816 ἑνὸς
330 2784 480 2827 βαθμοῦ
506 2788 650 2830 κρατεῖν
674 2787 780 2819 Anon.
806 2786 910 2819 Bodc.
958 2788 1048 2830 Περὶ
1071 2781 1158 2820 ὑπο·

75 2827 327 2861 καταστάσεως
353 2831 543 2873 γενομένης
567 2831 765 2874 (γινομένης
790 2832 898 2872 index)
929 2831 977 2865 εἷς
999 2829 1066 2872 τὴν
1090 2843 1158 2876 φα·

74 2871 199 2916 μιλίαν
223 2874 287 2906 τοῦ
311 2870 601 2918 τελευτήσαντος,
626 2878 686 2908 καὶ
710 2878 792 2919 περὶ
816 2876 878 2909 τοῦ
901 2878 1003 2920 μέχρι
1019 2875 1158 2910 πόσαου

75 2918 226 2962 βαθμοῦ
263 2915 318 2951 δεῖ
351 2921 495 2962 κρατεῖν
532 2920 652 2953 Theod.
709 2923 798 2966 Περὶ
833 2916 1158 2955 ὑποκαταστόσεως

75 2967 134 2996 καὶ
163 2964 242 2997 τῶν
274 2961 513 3006 κωλυομένων
545 2962 817 3007 (κεκωλυμένων
848 2968 956 3008 index)
986 2963 1060 3000 ὑπὸ
1093 2966 1156 2999 τοῦ

74 3006 291 3054 τεστάτορος
314 3006 464 3052 (πατρὸς
490 3010 597 3048 index)
626 3008 849 3051 ἐκποιήσεων
871 3012 947 3044 Aeh.
996 3012 1047 3044 De
1076 3011 1157 3044 alie-

75 3054 269 3087 nationibus
293 3065 314 3088 a
337 3056 493 3087 testatore
517 3054 697 3097 prohibitis
721 3055 783 3088 Iul.
808 3055 819 3098 ΙΙ
844 3056 863 3088 3
895 3054 1073 3089 ἵστασθαι
1099 3057 1156 3096 Μ]

75 3098 237 3132 κτᾶσθαι
274 3100 305 3132 L
339 3098 352 3144 ΙΙ
389 3100 409 3132 6
444 3099 573 3142 Πέτρῳ
599 3118 641 3123 —
662 3102 911 3143 πραιτωρίων]
950 3103 1157 3143 Μουσωνίῳ

76 3144 222 3189 ἐπάρχῳ
248 3142 388 3178 πόλεως
407 3144 483 3178 ΛὶῘι.
509 3145 564 3187 (cjl
590 3146 686 3177 inser.
712 3157 782 3177 nov.
805 3146 1009 3179 CXXXIV
1026 3159 1059 3189 p.
1080 3148 1158 3188 676)

74 3188 86 3233 ΙΙ
102 3186 279 3234 *ὑπάρχω
305 3191 377 3223 ML
396 3190 444 3231 [18
470 3186 637 3232 φιλανίας
662 3189 691 3221 L
709 3189 721 3231 ΙΙ
745 3191 764 3222 9
789 3185 837 3222 ὠς
862 3190 945 3230 ML]
971 3185 1066 3223 ὥστε
1090 3203 1157 3224 cum

76 3235 260 3278 Scrimqero
284 3236 370 3279 vuly.
399 3234 411 3274 ΙΙ
441 3231 655 3268 ὑποθέσεως
680 3234 729 3267 L‘
756 3233 768 3278 ΙΙ
802 3235 839 3268 11
867 3231 914 3267 ὥς
937 3248 996 3268 om.
1022 3247 1041 3271 ς
1066 3234 1078 3280 ΙΙ
1106 3233 1156 3279 μὴ

76 3280 284 3321 IIaloander]
321 3277 412 3323 μηδὲ
445 3280 539 3316 2!ch
573 3278 634 3322 (μὴ
672 3275 717 3312 δι’
752 3279 823 3311 olim
856 3280 1043 3313 Zachariae
1076 3293 1158 3314 nunc

77 3326 273 3367 improbans)
291 3325 303 3369 ΙΙ
326 3327 365 3359 12
390 3322 512 3367 όκοὴν]
538 3325 652 3357 audire
669 3336 688 3360 ς
704 3323 716 3367 ΙΙ
735 3321 979 3368 δικαστήριον]
996 3324 1122 3358 iudicia
1138 3336 1159 3361 e

76 3368 88 3414 Η
112 3372 313 3415 φερομένην
335 3370 455 3414 μακρὰ
478 3371 507 3403 L
542 3380 601 3413 per
625 3369 765 3402 circuita
789 3368 890 3408 longa
911 3382 930 3405 ς
960 3372 972 3412 ΙΙ
1001 3371 1041 3403 20
1068 3366 1156 3412 αὐτῆ

77 3415 127 3447 L‘²
153 3413 250 3448 αἰτῶ
276 3414 324 3448 L⁶
347 3418 359 3458 ΙΙ
388 3418 425 3448 21
451 3418 635 3460 κοπαρίοις
660 3416 689 3448 L
714 3414 727 3458 ΙΙ
752 3416 793 3448 23
818 3412 897 3455 τὴν]
918 3414 962 3455 τῆ
991 3415 1018 3447 L
1036 3414 1048 3458 ΙΙ
1064 3427 1155 3457 μαμ-

75 3458 212 3502 μιανόν
237 3461 342 3500 ιῑ[(ς)]
367 3457 554 3503 ἀμμιανόν
579 3461 609 3493 L
633 3461 718 3503 vuly.
745 3460 757 3503 ΙΙ
789 3460 829 3493 2Ί
852 3455 1097 3503 ἀρδουβάριον
1120 3461 1159 3502 (β

78 3518 116 3538 ex
138 3518 164 3547 μ
188 3507 285 3547 corr.)
309 3506 336 3538 L
360 3505 372 3547 ΙΙ
398 3508 438 3539 28
462 3504 691 3551 προάστειον]
715 3502 802 3549 πρὸς
826 3504 857 3537 L
875 3505 887 3547 ΙΙ
905 3505 948 3537 29
972 3504 1036 3537 τοῦ
1060 3502 1158 3548 φιλο-

77 3549 167 3583 θεόυ
189 3551 248 3591 M]
274 3549 449 3594 φιλοθεόυ
476 3552 505 3584 l,
528 3553 601 3583 cata
623 3549 838 3583 Philotheum
862 3561 882 3586 ς

124 3640 143 3673 2
170 3643 200 3670 et
223 3639 355 3672 nominc
380 3639 527 3671 familiae
543 3642 660 3672 seclusi
676 3640 687 3683 ss
707 3643 725 3672 :5
745 3639 811 3671 filie
832 3640 862 3672 'l'
875 3639 886 3682 ΙΙ
905 3641 924 3672 4
941 3639 1020 3679 quia
1037 3639 1068 3671 lc
1083 3639 1155 3679 VT]

1371 2539 1534 2575 raedium
1568 2538 1785 2586 Bytharium
1819 2539 1894 2575 sive
1925 2537 2123 2580 Philotkei,
2158 2538 2312 2585 denique

1364 2585 1476 2620 enete‘s
1507 2595 1581 2620 non
1612 2584 1792 2627 alienare,
1827 2594 1944 2630 neque
1971 2593 2041 2629 per
2071 2582 2310 2620 venditionem

1228 2741 1317 2782 quod
1340 2742 1429 2784 vulq.
1458 2741 1471 2784 ΙΙ
1499 2742 1519 2774 5
1552 2741 1650 2773 etiam
1674 2741 1708 2774 R
1731 2742 1868 2785 (vulq.)]
1900 2742 1933 2773 et
1965 2740 2001 2780 V,
2027 2752 2085 2773 om.
2113 2740 2144 2772 '1‘
2167 2739 2180 2782 fl
2209 2740 2230 2773 6
2254 2750 2310 2782 pp.

1227 2799 1287 2819 om.
1314 2786 1346 2819 T
1373 2785 1385 2829 ΙΙ
1415 2787 1434 2820 8
1458 2787 1589 2818 tantum
1612 2787 1643 2819 V
1664 2785 1677 2830 ΙΙ
1711 2788 1746 2821 11
1774 2784 1951 2827 dedignari
1973 2784 2066 2827 R1T,
2093 2783 2310 2827 dedignemur

1225 2832 1314 2874 vnlq.
1342 2830 1355 2874 ΙΙ
1383 2831 1424 2865 12
1448 2831 1485 2863 in
1511 2832 1573 2864 del.
1601 2830 1675 2872 [2211
1694 2831 1835 2864 circuitu
1858 2830 1933 2870 loca
1958 2830 1990 2863 Τ
2010 2829 2168 2862 circuitos
2190 2828 2310 2872 longos

1235 2875 1281 2909 V2
1303 2876 1391 2917 vulq.
1421 2875 1433 2920 ΙΙ
1465 2877 1507 2910 14
1530 2876 1690 2918 suegessit
1711 2876 1755 2909 V*
1782 2877 1794 2919 ΙΙ
1824 2875 1976 2919 hyerium
2004 2875 2036 2907 T
2061 2873 2204 2907 hierium
2227 2873 2278 2907 Β*
2298 2877 2310 2906 ll

1229 2922 1268 2955 15
1293 2920 1457 2954 scribente
1478 2921 1535 2964 Vss
1563 2922 1603 2955 16
1623 2920 1708 2962 istis]
1732 2920 1769 2953 in
1789 2921 1863 2953 istis
1886 2920 1928 2953 '1⁷¹
1946 2919 1959 2963 ΙΙ
1975 2921 2075 2960 meos]
2099 2919 2135 2951 in
2159 2928 2214 2952 eos
2235 2917 2310 2952 VT¹

1224 2964 1236 3011 ΙΙ
1255 2967 1293 3000 17
1320 2965 1578 3008 gloriosissimum
1600 2966 1632 3000 T
1645 2966 1657 3009 11
1677 2967 1717 3000 18
1736 2965 1824 2998 sieut
1843 2974 1944 3007 supra
1967 2964 2095 2996 dictum
2116 2965 2166 2996 est
2190 2963 2247 3006 ΤΙΙ
2267 2963 2308 2996 19

1226 3012 1259 3043 et
1294 3012 1538 3054 proastium—
1556 3012 1597 3045 21
1630 3014 1663 3043 et
1697 3010 1829 3043 domum
1867 3022 1926 3042 om.
1951 3008 1985 3041 R
2019 3010 2231 3051 proaustrum
2263 3007 2309 3041 Τι

1225 3055 1436 3099 proaustium
1455 3055 1501 3088 Τ2
1518 3054 1531 3099 ΙΙ
1548 3056 1590 3088 20
1607 3055 1780 3097 scriptum]
1797 3054 1923 3087 dietum
1943 3053 1974 3086 Τ
1987 3053 2000 3096 ΙΙ
2018 3054 2058 3087 21
2083 3054 2185 3085 *eata
2201 3052 2307 3085 Mam-

1225 3100 1386 3141 mianum]
1417 3102 1451 3133 et
1478 3104 1588 3133 cetera
1618 3099 1789 3133 mHmienu
1815 3099 1848 3132 V
1877 3097 2119 3131 camamianum
2149 3097 2183 3130 R
2218 3098 2308 3130 eata-

1225 3146 1365 3178 nianum
1393 3146 1425 3178 T
1451 3146 1503 3186 (de
1535 3147 1608 3177 eata
1627 3156 1767 3187 yraecae
1787 3144 2042 3187 praepositionis
2062 3155 2120 3176 usu
2142 3143 2175 3175 in
2201 3143 2309 3177 latini-

1227 3197 1290 3223 tate
1317 3191 1452 3232 vulyari
1477 3190 1519 3231 cfi
1542 3189 1690 3232 Wdffflin
1713 3189 1886 3232 Arellius.
1914 3188 1970 3221 lat.
1994 3188 2167 3231 Leaeicoyr.
2193 3188 2309 3228 4,2e⁶)

1224 3234 1236 3278 ΙΙ
1254 3235 1296 3268 22
1317 3234 1515 3267 anthimium
1542 3233 1574 3267 R
1593 3234 1681 3277 vulq.
1705 3232 1931 3275 anthingnum
1959 3233 1990 3266 T
2010 3232 2170 3266 bitarium
2191 3231 2248 3275 Vll
2265 3233 2308 3266 23

1226 3279 1448 3312 blacerternus
1469 3278 1502 3311 V
1520 3277 1671 3311 blaeenus
1696 3278 1770 3319 RT,
1794 3277 1966 3311 Blaeernis
1991 3279 2076 3319 vulq.
2097 3277 2109 3320 ΙΙ
2126 3278 2200 3310 oeta
2225 3277 2308 3318 ΚΤ]

1226 3326 1259 3357 et
1282 3324 1394 3356 omnia
1415 3323 1470 3366 Vl}
1489 3325 1531 3364 et]
1558 3333 1638 3356 uero
1662 3324 1695 3356 ct
1717 3323 1771 3365 Vll
1790 3325 1832 3357 2⁸
1866 3323 2021 3355 sumitate
2044 3322 2108 3356 VT
2120 3322 2132 3361 ΙΙ
2149 3322 2191 3356 25
2215 3321 2310 3355 sinuo

1226 3382 1284 3402 om.
1311 3368 1359 3400 R¹
1384 3368 1396 3412 ΙΙ
1420 3367 1560 3400 sustenii
1581 3368 1615 3401 V
1632 3367 1799 3401 sustennii
1826 3368 1857 3401 T
1876 3367 2024 3401 sustinui
2050 3367 2081 3400 R
2097 3371 2110 3411 ss
2127 3369 2201 3400 eata
2224 3366 2307 3407 ΕΤ]

1227 3416 1259 3446 et
1283 3414 1391 3446 cetera
1410 3413 1462 3456 Vll
1481 3412 1688 3446 ardalurium
1709 3414 1742 3447 V
1759 3412 1986 3446 arnhelm-ium
2003 3413 2034 3445 [ἰ
2055 3411 2266 3445 urohalinum
2280 3411 2313 3444 T

1227 3459 1269 3491 26
1294 3468 1371 3490 vero
1395 3470 1453 3491 om.
1480 3458 1512 3490 'l'
1528 3459 1540 3502 ΙΙ
1566 3459 1674 3490 virum
1699 3471 1758 3491 om.
1787 3458 1816 3490 R
1842 3457 1855 3502 ΙΙ
1875 3457 2149 3499 gloriosissimum
2168 3457 2200 3489 R
2227 3455 2240 3500 [Ι
2264 3456 2305 3490 27

1225 3502 1382 3536 bitarium
1405 3503 1437 3536 V
1454 3501 1595 3535 bitaium
1623 3504 1654 3537 T
1674 3503 1878 3536 habitarium
1902 3502 1935 3535 R
1958 3502 1971 3546 ΙΙ
1996 3504 2070 3535 eata
2092 3501 2136 3542 R]
2161 3501 2258 3533 catha
2278 3499 2313 3534 T

1225 3550 1333 3580 uetera
1358 3547 1386 3581 V
1403 3548 1415 3590 ΙΙ
1441 3547 1628 3589 philoteum
1652 3549 1684 3581 R.
1703 3547 1922 3591 phylotbeum
1943 3547 1976 3582 V
1995 3546 2008 3591 ΙΙ
2030 3548 2064 3580 et
2084 3547 2203 3580 addidi
2222 3544 2236 3590 fl
2262 3545 2305 3579 28

1224 3592 1399 3625 ineienetis
1417 3593 1447 3625 T
1468 3593 1647 3626 inuenietis
1667 3594 1696 3626 R
1720 3593 1732 3637 ss
1765 3594 1806 3627 29
1831 3592 1976 3625 alienare
2001 3604 2039 3626 ex
2062 3589 2305 3635 Hamburqensz'

1229 3638 1458 3681 Osenbruyqen

2468 3108 2476 3197 -n.-
2473 3044 2476 3047 Δ
2474 3002 2476 3006 .
2472 2932 2476 2957 ,-
