2592 3840
231 72 273 120 N
273 90 339 121 ov.
359 73 507 120 XXIII
536 77 647 119 2—4
1316 72 1394 120 188
1954 86 2016 122 na
2045 88 2462 124 Arrmsnonnms

1230 232 1389 269 CAPUT
1411 231 1459 269 11.
2207 233 2237 244 “’

367 302 423 337 Ad
447 302 518 337 hoc
541 301 729 343 sancimus,
763 298 793 334 si
817 298 958 343 quando
990 298 1034 334 lis
1067 300 1234 343 speratur
1256 300 1294 335 in
1317 303 1480 336 nostrum
1502 299 1628 336 inferri
1649 299 1910 344 consistorium,
1933 299 1965 336 si
1984 298 2079 336 forte
2103 299 2290 345 contigerit
2304 300 2460 348 impera-

232 347 362 382 toriam
392 348 614 382 maiestatem
650 347 861 389 occupatam
893 344 1048 388 publicis
1084 345 1203 380 causis
1236 355 1282 381 ex
1312 344 1503 381 mundanis
1538 345 1803 390 provisionibus
1839 356 1913 381 non
1948 355 2055 390 posse
2090 355 2290 382 convocare
2324 349 2459 392 patres,

234 396 407 436 quatenus
432 401 542 427 causa
565 391 727 434 agitetur,
759 400 830 425 non
862 398 906 423 ex
936 389 1005 424 hoc
1037 388 1136 424 litem
1165 390 1373 434 periclitari.
1431 390 1535 434 Quod
1558 390 1653 425 enim
1676 391 1800 426 vitium
1830 395 1885 426 est
1915 390 2141 434 litigantium,
2174 391 2206 426 si
2229 391 2370 427 culmen
2393 392 2457 428 im-

232 438 447 482 peratorium
480 436 700 480 occupetur?
745 434 800 468 vel
832 435 911 477 quis
941 437 1064 469 tantae
1096 437 1151 469 est
1182 435 1427 478 auctoritatis,
1464 440 1505 470 ut
1535 436 1714 471 nolentem
1749 435 1947 481 principem
1981 435 2098 480 possit
2132 435 2180 470 ad
2210 436 2458 473 convocandos

234 485 356 527 patres
382 486 591 525 ceterosque
613 489 780 525 proceres
806 479 992 514 coartare?
1039 479 1110 514 Sed
1133 480 1166 514 si
1189 480 1275 525 quid
1299 481 1371 515 tale
1395 480 1560 524 evenerit,
1585 490 1696 515 causa
1719 480 1856 516 intacta
1878 482 2099 526 permaneat,
2128 480 2240 516 donec
2263 481 2460 527 imperator
2481 486 2502 519 5

233 529 388 562 monitus
422 537 487 562 sua
518 530 643 570 sponte
677 529 714 560 et
745 524 934 559 convocari
964 533 1134 568 proceres
1165 524 1310 561 iusserit
1344 528 1381 560 et
1409 526 1508 561 litem
1537 525 1660 561 inferri
1691 526 1852 570 patiatur
1883 528 1920 561 et
1950 525 2071 561 omnia
2101 525 2298 562 secundum
2325 535 2461 563 morem
2497 558 2499 561 Α

232 572 435 616 procedere.

1226 660 1383 696 CAPUT
1412 659 1478 696 ΠΙ.

368 727 459 762 Illud
483 727 587 762 etiam
611 726 648 761 in
673 725 779 760 tertio
805 725 962 770 capitulo
988 725 1247 771 disponendum
1273 730 1337 771 est,
1362 728 1457 772 quod
1482 726 1677 771 antiquitas
1700 728 1792 764 bene
1819 727 1956 770 statuit,
1983 727 2122 763 novitas
2147 730 2269 764 autem
2291 728 2460 772 neglexit.

235 774 322 810 Cum
346 774 439 807 enim
462 772 662 807 veneranda
685 771 874 806 vetustatis
898 771 1095 806 auctoritas
1118 772 1170 807 ita
1192 772 1424 816 magistratus
1449 772 1604 816 digessit,
1635 778 1678 807 ut
1700 772 1763 807 alii
1785 773 1956 814 maiores,
1980 772 2043 807 alii
2064 772 2187 816 medii,
2215 773 2278 808 alii
2304 775 2459 810 minores

234 820 322 860 sint,
355 821 391 852 et
422 817 676 862 appellationes
701 826 723 850 a
746 816 943 851 minoribus
966 816 1146 852 iudicibus
1178 827 1250 852 non
1282 819 1399 852 solum
1422 817 1469 852 ad
1494 817 1666 852 maximos
1696 817 1833 852 iudices
1856 818 2132 860 remitterentur,
2160 819 2225 854 sed
2246 818 2295 854 ad
2317 823 2457 863 specta-
2485 819 2528 853 10

233 864 356 898 bilium
383 863 538 897 iudicum
562 862 731 903 tribunal,
757 865 935 905 quatenus
960 866 996 896 et
1018 861 1087 905 ipsi
1112 871 1215 897 sacro
1239 863 1417 898 auditorio
1441 862 1603 897 adhibito
1627 862 1726 896 litem
1749 865 1969 903 exercerent,
1996 861 2136 897 novitas
2160 865 2280 898 autem
2302 863 2374 899 hoc
2397 863 2458 899 de-

233 908 388 952 reliquit:
422 908 556 949 evenit‚
589 911 630 940 ut
661 915 769 950 super
799 906 952 941 minimis
985 906 1103 941 causis
1131 907 1274 942 maximi
1306 908 1419 942 nostri
1441 907 1579 942 iudices
1602 906 1847 951 inquietentur
1876 910 1912 942 et
1941 907 2102 942 homines
2124 910 2273 952 propter
2294 907 2459 944 minimas

235 963 363 987 causas
387 952 521 996 magnis
546 951 741 995 fatigentur
764 950 972 995 dispendiis,
1006 957 1046 985 ut
1070 951 1220 986 forsitan
1245 952 1356 987 totius
1380 952 1452 987 litis
1477 952 1678 987 aestimatio
1702 951 1749 986 ad
1773 957 1936 996 sumptus
1960 951 2145 987 iudiciales
2168 963 2242 988 non
2264 952 2458 989 sufficeret.

232 998 386 1041 Ideoque
410 997 598 1039 sancimus,
624 996 653 1031 si
678 996 819 1040 quando
845 1006 889 1030 ex
912 996 1133 1041 Aegyptiace
1157 1001 1279 1032 tractu
1303 998 1358 1032 vel
1380 998 1552 1033 adiuncta
1575 998 1608 1032 ei
1631 1000 1785 1041 utraque
1800 997 1917 1042 Libya
1936 997 2143 1042 provocatio
2163 1000 2330 1042 speratur
2345 1007 2459 1042 usque

233 1044 279 1076 ad
303 1042 424 1077 decem
448 1042 620 1076 librarum
643 1042 721 1075 auri
745 1041 998 1086 quantitatem,
1032 1052 1104 1076 non
1127 1041 1166 1077 in
1189 1042 1282 1077 hanc
1306 1042 1439 1086 regiam
1460 1042 1584 1077 urbem
1611 1051 1690 1077 eam
1713 1041 1852 1085 venire,
1885 1043 1949 1078 sed
1972 1042 2019 1076 ad
2041 1042 2266 1086 praefectum
2288 1046 2458 1087 augusta-
2484 1044 2526 1078 15

232 1088 316 1129 lem,
350 1087 411 1132 qui
434 1087 557 1122 audiat
580 1091 616 1121 et
641 1095 785 1121 causam
809 1085 951 1121 dirimat
974 1086 1049 1121 vice
1073 1087 1167 1122 sacri
1192 1087 1403 1131 cognitoris,
1436 1087 1536 1122 nulla
1567 1086 1601 1122 ei
1625 1089 1709 1131 post
1732 1086 1949 1122 definitivam
1979 1087 2192 1123 sententiam
2218 1087 2460 1132 appellatione

187 1135 208 1169 1
232 1132 454 1177 porrigenda.
525 1131 706 1175 Similique
736 1131 841 1166 modo
871 1131 1012 1175 quoties
1035 1131 1074 1166 in
1097 1132 1234 1167 Asiana
1260 1132 1395 1167 diocesi
1425 1132 1482 1167 vel
1505 1131 1655 1166 Pontica
1678 1132 1752 1167 tale
1775 1131 1911 1175 aliquid
1934 1132 2118 1166 emerserit
2147 1142 2262 1177 usque
2284 1132 2332 1168 ad
2352 1143 2458 1178 prae-

234 1178 363 1211 dictam
388 1177 622 1221 quantitatem
647 1177 770 1211 decem
792 1177 965 1211 librarum
989 1176 1085 1220 auri,
1118 1178 1378 1221 appellationes
1402 1177 1448 1211 ad
1473 1177 1566 1212 viros
1591 1177 1824 1221 spectabiles,
1858 1176 2005 1212 comites
2029 1177 2124 1212 forte
2146 1177 2201 1212 vel
2224 1178 2459 1222 proconsules

232 1222 287 1257 vel
309 1228 492 1266 praetores
524 1221 579 1257 vel
602 1222 857 1264 moderatores,
891 1221 1020 1265 quibus
1044 1222 1249 1266 specialiter
1278 1223 1421 1257 easdem
1450 1222 1532 1257 lites
1558 1221 1780 1266 peragendas
1805 1222 2068 1267 deputavimus,
2100 1222 2337 1266 remittantur,
2369 1233 2458 1268 qua-

230 1271 334 1302 tenus
367 1273 402 1302 et
426 1267 463 1301 hi
486 1267 532 1301 ad
555 1266 820 1302 similitudinem
850 1266 1023 1311 praefecti
1053 1267 1251 1310 augustalis
1275 1267 1352 1302 vice
1376 1267 1471 1302 sacri
1495 1267 1687 1311 cognitoris
1716 1267 1940 1302 intercedant
1967 1270 2005 1301 et
2029 1276 2158 1302 causas
2190 1267 2267 1302 sine
2291 1276 2356 1312 spe
2379 1267 2458 1312 qui·
2482 1268 2527 1302 20

231 1312 309 1347 dem
341 1312 609 1356 appellationis,
642 1311 698 1346 dei
727 1317 846 1347 tamen
877 1315 914 1346 et
945 1311 1061 1355 legum
1094 1313 1222 1347 timore
1256 1312 1440 1358 perferant
1476 1311 1702 1347 decidendas.
1747 1312 1964 1348 Orientalem
1993 1315 2112 1347 autem
2142 1315 2299 1347 tractum
2331 1321 2460 1348 causas

231 1357 472 1401 appellatione
490 1367 683 1402 suspensas
705 1360 741 1392 et
757 1365 871 1402 usque
890 1355 938 1391 ad
952 1356 1075 1391 decem
1098 1356 1271 1392 librarum
1295 1358 1374 1392 auri
1394 1357 1631 1402 quantitatem
1647 1357 1820 1393 limitatas
1840 1357 1887 1393 ad
1909 1357 2026 1392 virum
2045 1357 2277 1403 spectabilem
2296 1357 2462 1396 comitem

232 1402 385 1438 Orientis
410 1404 550 1437 mittere
574 1402 677 1437 simili
699 1402 806 1437 modo
830 1401 1050 1437 audientiam
1080 1406 1116 1436 et
1138 1402 1245 1437 finem
1268 1403 1319 1438 eis
1342 1403 1603 1447 impositurum.

1220 1536 1378 1573 CAPUT
1407 1537 1469 1574 lv.

364 1604 433 1641 Illo
456 1605 620 1641 videlicet
643 1605 876 1647 observando,
907 1607 949 1640 ut
971 1605 1038 1641 viri
1061 1606 1275 1651 spectabiles
1299 1605 1434 1640 iudices
1459 1615 1530 1640 non
1554 1605 1601 1640 ad
1624 1604 1715 1640 alios
1739 1604 1863 1640 eadem
1893 1604 2160 1650 spectabilitate
2190 1605 2381 1641 decoratos
2402 1604 2458 1641 iu-

232 1650 327 1686 dices
353 1660 437 1685 suas
460 1651 703 1686 transmittant
726 1650 987 1695 appellationes
1019 1651 1058 1686 in
1083 1652 1206 1687 litibus
1230 1655 1538 1696 quantaecumque
1561 1650 1782 1695 quantitatis,
1816 1660 1898 1685 cum
1920 1661 1994 1686 non
2015 1652 2182 1695 oporteat
2204 1651 2252 1686 ad
2273 1659 2459 1696 compares
2482 1649 2526 1683 25

230 1696 367 1731 iudices
391 1696 650 1740 appellationes
674 1695 812 1739 referri,
837 1696 900 1731 sed
923 1706 946 1731 a
969 1696 1105 1732 minore
1127 1696 1260 1733 iudicio
1285 1696 1322 1730 in
1344 1695 1459 1731 maius
1483 1695 1641 1731 tribunal
1655 1695 1867 1731 ascendere.
1908 1694 1979 1730 Sed
1996 1695 2043 1730 ad
2060 1694 2339 1731 illustrissimam
2354 1705 2458 1741 prae-

231 1740 408 1776 fecturam
431 1741 571 1776 illorum
594 1742 862 1786 appellationes,
888 1741 1144 1786 cuiuscumque
1170 1742 1242 1776 sint
1267 1741 1497 1786 quantitatis,
1531 1746 1572 1776 ut
1595 1741 1731 1775 dictum
1753 1745 1818 1782 est,
1849 1739 2059 1784 dirigantur,
2090 1740 2153 1785 qui
2175 1750 2248 1776 una
2279 1751 2361 1776 cum
2382 1741 2459 1776 viro

232 1786 374 1821 excelso
403 1797 469 1830 pro
498 1791 658 1831 tempore
689 1791 878 1831 quaestore
907 1797 968 1822 eas
994 1786 1153 1830 dirimat;
1190 1792 1342 1831 utroque
1373 1785 1493 1822 officio
1524 1785 1835 1829 subministrante,
1866 1785 1903 1820 id
1926 1791 1982 1821 est
2010 1788 2086 1820 tam
2115 1795 2161 1820 ex
2184 1785 2296 1821 sacris
2317 1785 2459 1822 scriniis

231 1841 330 1865 more
353 1831 457 1866 solito
483 1842 586 1875 quam
609 1832 861 1876 praefectorio.
921 1831 978 1867 Ita
1002 1836 1122 1867 tamen
1144 1832 1234 1867 haec
1257 1831 1456 1874 sancimus,
1487 1834 1530 1866 ut
1552 1842 1618 1866 nec
1641 1841 1663 1865 a
1686 1830 1839 1866 ducibus
1870 1830 1927 1866 vel
1950 1830 2028 1866 aliis
2049 1831 2307 1875 spectabilibus
2329 1830 2456 1867 iudici-

232 1876 310 1918 bus,
336 1876 463 1920 quibus
487 1878 589 1919 forte,
615 1878 682 1911 etsi
705 1877 832 1922 privati
857 1876 947 1920 sint,
980 1876 1173 1921 imperialis
1198 1878 1367 1912 maiestas
1390 1886 1520 1911 causas
1544 1876 1753 1917 iniunxerit,
1786 1875 1980 1921 appellatio
2008 1875 2056 1910 ad
2078 1881 2292 1911 memoratos
2315 1879 2456 1921 specta-

231 1921 322 1956 biles
346 1921 481 1956 iudices
507 1926 639 1964 currat,
663 1932 708 1957 ne
735 1932 844 1957 causa
875 1933 947 1956 non
977 1922 1152 1966 gradatim
1176 1922 1388 1967 procedere,
1422 1922 1485 1956 sed
1508 1931 1695 1966 perperam
1718 1920 1897 1956 videatur:
1935 1920 1999 1956 sed
2021 1930 2044 1955 a
2066 1921 2290 1965 praesidibus
2311 1920 2457 1965 quidem

231 1966 492 2010 provinciarum
516 1971 552 2001 et
574 1967 751 2003 iudicibus
776 1977 798 2001 a
822 1967 925 2002 nobis
950 1967 1057 2010 datis,
1091 1968 1122 2003 si
1145 1979 1218 2003 non
1243 1968 1316 2002 sint
1339 1966 1553 2011 spectabiles
1577 1966 1726 2008 iudices,
1758 1966 1854 2001 intra
1876 1969 2110 2001 memoratam
2141 1966 2378 2011 quantitatem
2399 1975 2457 2001 re-

231 2010 374 2045 feretur.
434 2012 470 2046 Si
494 2016 612 2047 autem
640 2013 696 2047 vel
719 2012 876 2047 illustres
910 2012 982 2047 sint
1012 2012 1087 2047 dati
1118 2023 1141 2048 a
1170 2013 1275 2048 nobis
1298 2012 1432 2047 iudices
1464 2012 1594 2056 quibus
1624 2012 1743 2056 apices
1774 2010 1986 2055 dignitatum
2019 2020 2129 2056 super
2159 2010 2458 2055 spectabilitatem

232 2059 326 2098 sunt,
358 2057 412 2091 vel
436 2056 544 2092 duces
569 2059 627 2101 qui
650 2057 853 2092 omnimodo
874 2057 1139 2102 spectabilitate
1162 2060 1248 2093 sunt
1271 2057 1447 2099 decorati,
1481 2057 1535 2091 vel
1557 2057 1596 2091 hi
1620 2056 1681 2101 qui
1702 2066 1726 2091 a
1747 2055 1911 2101 principe
1944 2055 2097 2099 delegati
2120 2060 2205 2091 sunt
2226 2056 2456 2101 spectabilem

232 2102 388 2136 habeant
412 2101 631 2146 dignitatem,
662 2112 786 2138 eorum
810 2103 1070 2147 appellationes
1094 2103 1162 2138 sub
1189 2112 1414 2147 quacumque
1438 2101 1637 2146 quantitate
1659 2101 1698 2136 in
1720 2101 1815 2136 hanc
1838 2101 1971 2144 regiam
1994 2101 2119 2136 urbem
2141 2101 2190 2136 ad
2213 2103 2456 2145 competentes

230 2146 375 2191 antiquo
399 2157 497 2182 more
521 2147 655 2182 iudices
679 2148 895 2183 referuntur.
958 2147 1132 2184 Omnibus
1155 2148 1253 2190 aliis,
1285 2157 1378 2192 quae
1401 2147 1441 2182 in
1463 2146 1764 2192 appellationibus
1789 2149 1926 2181 statuta
1949 2149 2033 2180 sunt
2055 2146 2111 2181 vel
2133 2146 2180 2181 ab
2202 2146 2351 2191 antiqua
2373 2155 2456 2190 pro·

231 2192 333 2235 sapia
363 2194 415 2226 vel
448 2192 493 2227 ab
524 2193 738 2228 auctoritate
768 2193 988 2228 anteriorum
1019 2193 1316 2229 constitutionum
1347 2192 1403 2228 vel
1435 2201 1458 2227 a
1488 2195 1613 2228 nostra
1642 2191 1880 2233 humanitate,
1911 2190 2057 2226 intactis
2086 2190 2305 2236 illibatisque
2335 2193 2456 2226 custo-

230 2236 378 2273 diendis.
470 2237 552 2273 Dat.
575 2249 631 2273 111.
656 2249 738 2274 non.
763 2237 840 2274 Ian.
865 2238 935 2274 GP.
960 2242 1044 2283 post
1068 2249 1167 2274 cons.
1190 2237 1359 2274 Belisarii
1380 2248 1413 2273 v.
1439 2248 1472 2273 c.
2307 2238 2353 2279 [a.
2377 2235 2457 2281 536]

2482 1850 2592 1925 ,ηοξ

2481 2073 2592 2150 35}

2587 2157 2592 2173 .

277 2375 292 2406 1
320 2373 400 2405 haec
414 2374 501 2416 ναῖς.
520 2372 533 2417 ΙΙ
549 2374 654 2406 nostri
665 2374 714 2407 R¹
734 2373 746 2418 ΙΙ
762 2376 782 2408 2
805 2374 1070 2417 pronissionibus
1091 2373 1148 2417 Vl}
1167 2375 1184 2406 3
1206 2373 1308 2415 quod]

231 2427 315 2458 quae
327 2418 404 2460 R¹n
423 2418 601 2459 ligantium
623 2419 673 2452 V¹
692 2418 704 2462 ΙΙ
720 2423 740 2453 4
760 2419 864 2461 possit
887 2419 1016 2463 Vvul9.]
1032 2422 1143 2461 posset
1153 2419 1272 2453 RTal.
1296 2419 1307 2463 ΙΙ

231 2465 251 2494 6
275 2463 422 2494 monitus
446 2465 550 2504 codd]
583 2466 691 2496 motus
717 2464 886 2505 Gratiam,
910 2465 995 2507 vulq.
1026 2463 1039 2506 {l
1068 2465 1088 2498 8
1120 2465 1309 2505 antiquitus

230 2507 277 2538 R*
299 2506 311 2549 ΙΙ
339 2508 359 2539 9
384 2508 569 2540 veneranda
594 2522 652 2541 om.
678 2509 709 2540 R
732 2510 744 2551 ΙΙ
774 2509 926 2551 disgessit
948 2509 983 2541 R
1008 2508 1022 2552 ss
1055 2511 1095 2542 10
1119 2519 1139 2541 a
1162 2509 1309 2542 moribus

231 2551 264 2582 lt
279 2550 291 2593 ΙΙ
310 2552 376 2591 sed]
400 2552 456 2583 sed
481 2555 513 2584 et
535 2554 586 2586 vel
607 2553 663 2585 sed
687 2554 787 2585 etiam
815 2555 973 2587 Gratiani
996 2555 1089 2586 codd.
1107 2553 1119 2597 ΙΙ
1151 2555 1189 2588 11
1216 2555 1308 2587 dere-

230 2594 340 2635 liquid
364 2595 460 2638 RVn
488 2598 529 2630 12
554 2597 671 2641 nostri]
698 2600 764 2631 nisi
788 2599 836 2631 Β*
855 2598 868 2642 ΙΙ
895 2600 934 2631 13
960 2600 1100 2639 magnis]
1125 2594 1179 2631 ‘aL
1204 2601 1308 2632 maxi-

232 2637 307 2671 mis'
340 2641 470 2673 cencius
488 2642 499 2682 ΙΙ
523 2642 576 2682 ad]
602 2646 640 2674 ut
662 2643 710 2675 R¹
730 2644 741 2684 ΙΙ
766 2642 932 2675 iudicialis
955 2644 1006 2675 Β*
1030 2643 1043 2685 ΙΙ
1075 2645 1115 2678 14
1140 2646 1308 2686 egeptiaco

232 2684 374 2726 (egtiaco
386 2685 447 2725 R1)
473 2688 581 2718 tractu
596 2687 627 2719 R
652 2687 784 2729 egyptia
796 2691 968 2720 contractu
990 2688 1040 2721 Va
1056 2687 1068 2731 ss
1087 2688 1170 2720 libia
1182 2692 1275 2722 codd.
1297 2690 1308 2732 Η

231 2731 567 2771 prouocatusperatur
592 2733 621 2763 li
647 2732 659 2774 ΙΙ
691 2735 728 2765 15
751 2733 861 2765 decem
885 2733 1046 2764 librarum
1071 2734 1146 2765 auri
1170 2731 1206 2773 (ι’
1227 2746 1306 2779 χρυ-

233 2777 311 2806 σίου
332 2772 467 2818 λιτρῶν
478 2775 581 2817 Allan
607 2778 867 2818 quingentorum
887 2787 1064 2809 aureorum
1087 2779 1210 2811 Iulian.
1223 2792 1250 2812 c.
1264 2780 1303 2813 91

231 2820 304 2858 (sed
323 2832 349 2851 c.
363 2820 416 2851 92.
434 2820 475 2852 93
501 2821 581 2852 idem
601 2820 709 2852 decem
729 2822 802 2853 auri
824 2821 949 2862 libras).
987 2825 1028 2864 cf.
1047 2823 1172 2856 Bienor
1191 2825 1306 2857 Gesch.

233 2865 265 2897 d.
290 2864 375 2897 Νου.
396 2876 432 2906 ρ.
458 2865 518 2897 511
553 2872 581 2897 et
603 2866 790 2899 Zachariae
814 2866 899 2899 Νου.
922 2867 947 2899 Ι
971 2879 1006 2909 p.
1027 2868 1089 2900 237
1116 2875 1180 2901 not.
1210 2867 1223 2911 ΙΙ
1252 2869 1309 2901 sed

233 2921 292 2941 om.
307 2910 358 2941 Rss
377 2907 389 2951 ΙΙ
408 2909 448 2941 16
472 2909 542 2949 qui]
564 2910 651 2950 quod
669 2910 702 2942 V
708 2912 716 2930 ¹
732 2912 744 2952 ΙΙ
763 2911 809 2942 eis
826 2912 976 2944 Granum.
1002 2912 1031 2943 ei
1044 2912 1177 2953 penitus
1190 2914 1277 2957 vuly.
1297 2915 1307 2957 ΙΙ

233 2953 450 2985 diffinitiuam
475 2955 552 2986 libri
579 2954 591 2996 ΙΙ
617 2954 850 2996 appellatione]
874 2955 1055 2998 appellatio
1076 2961 1123 2989 est
1151 2959 1310 2991 Gratiani

233 3000 326 3031 codd.
365 3000 485 3040 terique
503 2997 516 3041 ss
537 3001 572 3031 17
598 3000 830 3040 porrigendam
854 3000 903 3032 R·
920 3000 931 3043 ΙΙ
951 3002 998 3040 in]
1025 3001 1125 3033 etiam
1147 3002 1196 3034 R¹
1213 3001 1226 3047 ΙΙ
1244 3003 1307 3044 vel]

232 3046 267 3076 et
288 3044 320 3076 R
336 3011 566 3086 fdemeraerit
587 3044 639 3076 Va
655 3046 667 3084 ΙΙ
696 3046 735 3077 19
759 3044 1006 3086 deportauimus
1029 3046 1079 3077 Va
1098 3048 1109 3086 ΙΙ
1133 3047 1176 3079 20
1200 3048 1250 3079 hii
1275 3049 1307 3080 R

231 3088 281 3121 ibi
302 3087 359 3132 Vss
374 3087 541 3129 augustali
565 3087 619 3131 Vn
637 3088 707 3120 vice
732 3101 791 3121 om.
815 3089 869 3132 Vl}
886 3094 919 3121 et
937 3090 1007 3121 sine
1028 3100 1141 3122 causas
1160 3091 1231 3124 sine
1250 3103 1307 3134 spe

232 3133 322 3175 quod
340 3133 390 3166 R¹
409 3135 420 3174 ΙΙ
437 3134 475 3166 21
503 3134 624 3173 tamen]
647 3135 775 3165 tantum
801 3133 833 3166 T
845 3135 995 3167 Gratian.
1013 3134 1024 3176 ΙΙ
1043 3135 1231 3175 praeferant
1251 3137 1279 3169 V
1296 3138 1307 3179 5!

231 3178 410 3211 orientales
441 3179 550 3210 autem
587 3180 711 3210 tractus
751 3178 800 3210 T²
827 3178 978 3211 Gratiam.
1019 3179 1214 3212 orientalem
1249 3185 1308 3213 aut

232 3227 342 3255 tractu
361 3222 409 3255 Β*
427 3221 440 3266 ΙΙ
463 3223 506 3256 22
531 3222 771 3266 appellationes
791 3222 839 3255 R¹
864 3223 1097 3264 appellationis
1114 3224 1165 3256 12³2
1179 3227 1191 3266 n
1219 3224 1306 3257 limi-

231 3273 317 3300 tatas
334 3267 498 3308 Gratian„
511 3270 609 3312 moly]
630 3268 790 3299 lunitatas
807 3267 836 3299 R
860 3266 1049 3299 limitandas
1072 3268 1123 3308 Vn
1143 3269 1185 3301 23
1210 3271 1306 3302 modo

230 3314 333 3346 simili
357 3312 391 3345 R
408 3313 420 3355 ΙΙ
437 3314 479 3353 et]
504 3312 540 3345 in
565 3314 614 3346 13¹
633 3311 645 3356 ΙΙ
662 3313 719 3353 eis]
746 3313 817 3345 eius
841 3312 890 3345 R¹
913 3322 946 3343 se
978 3311 1031 3356 Vss
1050 3314 1092 3346 24
1113 3312 1198 3344 illud
1234 3316 1260 3345 V
1295 3316 1307 3357 Η

231 3357 436 3390 obseruande
448 3358 501 3390 Rss
516 3357 528 3398 ΙΙ
547 3358 615 3391 uiri
627 3356 823 3399 spectabiles
834 3356 867 3389 R
879 3356 1083 3397 VGratian.]
1101 3358 1167 3389 uiri
1181 3361 1306 3399 specta-

232 3403 314 3436 biles
346 3402 400 3435 uel
429 3402 490 3435 alii
520 3402 714 3446 spectabiles
739 3403 772 3435 T
805 3402 869 3434 viri
899 3401 1094 3444 spectabiles
1125 3402 1224 3435 duces
1254 3404 1306 3436 vel

1377 2373 1438 2407 alii
1461 2374 1657 2417 spectabiles
1679 2375 1766 2418 vulq.
1789 2375 1843 2416 (ex
1865 2386 1895 2407 v.
1917 2374 1970 2407 29.
1989 2373 2041 2408 33.
2078 2374 2122 2416 cs:
2145 2372 2269 2407 Iulian.
2292 2384 2321 2407 e.
2337 2373 2384 2408 94
2403 2373 2458 2407 sin

1377 2423 1489 2452 autem
1523 2420 1699 2453 antedictis
1732 2418 1968 2461 spectabilibus
2002 2417 2258 2460 proconsulibus
2293 2417 2347 2451 vel
2381 2418 2459 2452 aliis

1377 2465 1569 2498 huiusmodi
1592 2464 1760 2498 iudicibus
1782 2464 1975 2507 porrigatur
1998 2462 2180 2507 appellatio
2204 2464 2276 2505 etc.)
2293 2462 2306 2506 ΙΙ
2331 2463 2459 2496 iudices

1378 2523 1437 2543 om.
1466 2510 1623 2545 Gratiani
1646 2511 1739 2543 codd.
1754 2510 1902 2543 nonnulli
1926 2508 1939 2552 ΙΙ
1969 2519 2037 2541 nou
2060 2527 2105 2533 -
2128 2508 2172 2542 26
2194 2507 2322 2541 iudices
2338 2508 2459 2552 appel-

1377 2555 1519 2588 lationes
1537 2568 1598 2589 scr.
1613 2555 1664 2588 R2
1677 2557 1711 2589 in
1723 2567 1790 2588 ras.
1801 2555 1820 2588 3
1830 2566 1974 2587 versuum
1990 2552 2003 2598 ΙΙ
2023 2555 2064 2587 25
2086 2554 2373 2596 quantaecumque
2389 2554 2459 2586 sint

1378 2601 1578 2641 quantitatis
1603 2601 1762 2635 Gratiani
1779 2601 1872 2633 codd.
1883 2600 1996 2642 pauci,
2018 2599 2114 2642 vulqo
2132 2597 2146 2642 ss
2168 2599 2211 2632 26
2234 2597 2458 2631 illustrissima

1377 2646 1586 2688 praefectura
1604 2645 1653 2679 R¹
1671 2644 1683 2689 ΙΙ
1710 2646 1752 2678 27
1777 2645 1846 2677 sint
1866 2643 2042 2686 dignitatis
2066 2642 2121 2676 uel
2144 2643 2343 2685 quantitatis
2369 2643 2458 2678 Gra-

1379 2692 1464 2723 tiani
1474 2692 1569 2724 codd.
1578 2703 1673 2724 norm.
1690 2689 1703 2734 ΙΙ
1722 2690 1792 2731 qui]
1813 2700 1878 2731 que
1898 2690 1934 2730 (i.
1948 2701 1974 2724 e.
1988 2691 2086 2730 quae)
2106 2687 2260 2723 Gratian.
2277 2689 2291 2730 fl
2306 2689 2350 2723 28
2367 2698 2458 2722 sum-

1377 2736 1588 2768 ministrante
1599 2735 1634 2768 R
1653 2734 1665 2779 ΙΙ
1681 2736 1725 2769 29
1749 2733 1981 2777 praefectorio]
1999 2732 2168 2776 praefecto
2186 2731 2354 2775 praetorio
2369 2733 2458 2768 ora-

1379 2782 1464 2814 tiani
1473 2782 1568 2814 codd.
1578 2782 1692 2824 pauci,
1712 2781 1798 2823 vuly.
1823 2777 1836 2823 ΙΙ
1860 2781 1982 2819 tamen]
2008 2782 2080 2811 tum
2103 2777 2153 2811 R²
2171 2778 2183 2820 {l
2205 2776 2293 2819 aliis]
2317 2777 2359 2811 ab
2381 2777 2458 2811 aliis

1381 2826 1535 2859 Gratiam
1550 2824 1564 2870 ΙΙ
1589 2824 1758 2858 iudicibus
1781 2837 1840 2858 om.
1863 2825 1899 2857 R
1913 2823 1926 2868 ss
1957 2825 1999 2858 30
2023 2823 2096 2864 etsi]
2120 2823 2150 2855 si
2172 2822 2221 2856 R¹
2237 2821 2250 2867 ΙΙ
2275 2825 2356 2856 sunt
2376 2823 2412 2856 R
2444 2824 2458 2866 fl

1378 2872 1418 2903 31
1446 2872 1500 2911 ne]
1527 2880 1587 2903 nec
1610 2870 1645 2904 R
1673 2870 1686 2913 ΙΙ
1714 2879 1828 2902 causas
1850 2868 1901 2902 Β*
1927 2867 1941 2912 ΙΙ
1972 2869 2014 2902 32
2043 2868 2171 2901 iudices
2195 2868 2269 2909 eta]
2300 2867 2390 2901 dices
2411 2886 2456 2893 -—-

1378 2916 1420 2948 34
1443 2917 1503 2957 qui
1522 2925 1542 2947 a
1559 2915 1670 2958 princi
1681 2928 1743 2948 scr.
1753 2915 1805 2948 132
1817 2916 1850 2948 in
1863 2915 1959 2948 ras-3
1974 2926 2056 2946 vers.
2075 2911 2088 2957 ΙΙ
2104 2914 2147 2947 33
2166 2910 2382 2946 stabilitatem
2397 2912 2432 2947 V

1378 2962 1422 2993 34
1446 2961 1582 2992 omnino
1607 2961 1640 2994 R
1658 2961 1671 3002 ss
1691 2960 1742 2992 hii
1765 2959 1800 2993 R
1821 2959 1834 3002 ΙΙ
1863 2961 1906 2993 36
1930 2958 2118 2992 referantur
2146 2957 2311 3000 Gratiam,
2333 2957 2420 3001 valq.

1377 3006 1425 3045 in]
1450 3005 1490 3037 de
1514 3004 1602 3049 vuly.
1625 3004 1638 3049 ΙΙ
1667 3005 1709 3037 ab
1732 3005 1872 3046 antiqua
1894 3003 2058 3046 prosapia]
2083 3003 2222 3044 antiqua
2244 3002 2397 3046 prosapie

1377 3049 1535 3091 antiquae
1554 3050 1727 3093 prosapiae
1749 3050 1909 3084 Gratiani
1926 3050 2019 3082 codd.
2034 3060 2129 3081 nonn.
2146 3047 2159 3092 ΙΙ
2178 3049 2219 3081 37
2243 3046 2398 3081 intrastis
2427 3047 2461 3078 V

1377 3095 1519 3126 intactos
1541 3094 1592 3127 12¹
1613 3095 1625 3138 ΙΙ
1650 3097 1693 3129 38
1718 3105 1760 3127 111
1784 3104 1888 3126 nonas
1911 3092 2060 3125 ianuarii
2088 3093 2122 3126 V
2146 3103 2188 3125 111
2211 3094 2263 3125 iffi
2286 3092 2456 3125 ianuarias

1376 3138 1458 3171 lum
1482 3140 1597 3183 τριῶν
1617 3151 1706 3173 νων.
1725 3137 1932 3184 (τριῶννων
1951 3137 1999 3171 L¹
2021 3136 2134 3182 τριῶν
2150 3135 2274 3171 vovum
2289 3137 2353 3178 L²)
2377 3136 2454 3170 ἰαν-

1376 3187 1558 3228 νουαρίων
1576 3185 1666 3225 Am„
1684 3185 1728 3226 L]
1754 3195 1832 3217 non.
1853 3184 1920 3216 ian.
1941 3183 2029 3216 Iutw
2042 3183 2102 3221 αί.;
2128 3182 2174 3214 kl.
2194 3182 2260 3215 Iul.
2283 3182 2317 3216 T
2336 3181 2382 3215 kl.
2402 3191 2454 3217 111

1376 3228 1474 3269 april.
1500 3231 1569 3262 cod.
1587 3230 1698 3263 Paris.
1715 3229 1727 3274 ΙΙ
1747 3226 2039 3281 βοηεωιιιίιιοροΙί
2060 3227 2094 3260 Τ
2118 3236 2188 3269 cap.
2212 3227 2250 3268 V,
2274 3239 2333 3261 om.
2349 3233 2419 3260 cett.
2437 3226 2456 3281 fl

1342 3297 1344 3304 .
1375 3278 1450 3313 post
1469 3273 1595 3306 consul.
1616 3273 1779 3307 bilisiario
1803 3274 1869 3306 uic.
1892 3273 1927 3307 V
1942 3283 1994 3316 pc.
2022 3270 2166 3305 bilisarii
2182 3271 2271 3305 Jutsv
2284 3273 2340 3312 aL,
2362 3282 2454 3315 μετα

1377 3314 1442 3357 τὴν
1464 3315 1643 3351 ὑπατείαν
1665 3317 1872 3364 βελισαρίου
1892 3317 2027 3359 AelaL]
2057 3316 2206 3350 bilasarii
2229 3317 2305 3349 uiro
2327 3315 2452 3350 clarina.

1376 3361 1624 3448 (ἐῖιῐῖεᾶιᾷἱεζᾰξῆ.
1639 3365 1704 3397 uic.
1719 3365 1790 3398 cod.
1805 3364 1932 3402 Parim
1956 3371 2046 3395 cons.
2060 3361 2205 3395 uilisarii
2216 3360 2299 3395 1u1.⁰
2315 3361 2452 3403 (macer.
