2476 3854
138 123 198 154 nn
225 121 607 155 Ammffmonuu
637 120 971 154 comAc'rmus
1202 101 1290 151 767
2065 99 2140 142 Ed.
2163 100 2240 143 V11
2273 104 2311 143 7.
2333 102 2358 143 8

137 219 329 265 ἀκρίβειαν
358 220 532 263 τοιαύτην
564 217 748 265 ὖπάρχειν,
777 216 865 253 ὥςτε
894 215 992 252 οἶτον
1023 217 1087 253 τὰς
1110 216 1319 260 κινηθείσας
1341 218 1402 249 καὶ
1424 213 1527 250 οὔπω
1551 217 1662 260 πέρας
1685 211 1879 257 δεξαμένας
1902 209 1926 255 ἢ
1947 213 2008 244 καὶ
2032 207 2185 265 ἷῖστξρον
2207 210 2359 253 κινηθη-

136 267 291 309 σομένας
318 263 514 300 ὑποθέσεις
539 261 737 306 διαθεῖναι,
769 261 823 309 ἐφ’
847 257 879 306 ᾧ
908 275 949 297 τε
977 261 1070 306 μήτε
1099 261 1182 296 τοὺς
1205 261 1322 295 ἱκέτας
1344 261 1383 293 ἐκ
1405 260 1469 303 τῆς
1490 260 1570 294 τῶν
1588 257 1784 304 χρεωστῶν
1807 254 2066 312 ἆγνωμοσρνης
2087 269 2110 309 η
2134 253 2362 302 ῥᾳδιουργίας

136 308 263 345 ἄδικον
288 307 481 354 ὑπομεῖναι
511 308 663 354 βλάβην,
692 307 784 353 μήτε
807 306 847 342 δὲ
868 307 950 343 τοὺς
973 305 1120 351 ἀθῴους
1144 304 1205 341 διὰ
1230 307 1308 340 τῶν
1330 302 1470 339 ἀδίκων
1492 316 1578 350 στρε
1607 303 1755 338 λώσεων
1775 300 1941 348 ἀκαίρους
1964 313 2169 344 υποστηναι
2193 300 2360 346 διαστρο-

137 354 215 399 φάς.
245 353 336 389 ἆλλιὶ
367 357 427 388 καὶ
457 353 503 389 τὰ
532 355 663 399 πρῴην
693 356 768 389 τοῖς
797 351 962 395 δεηθεῖσι
985 351 1267 407 παράσχες-θέντα
1289 350 1333 385 κί-
1358 364 1395 384 ια
1415 353 1476 384 καὶ
1499 346 1569 383 άοά
1631 362 1677 384 τα
1698 351 1832 392 μένειν,
1855 350 1917 381 καὶ
1938 345 1986 381 τοὶ
2008 344 2068 381 διὰ
2090 347 2155 381 τοῦ
2180 346 2359 380 παοόντος

1267 395 1277 405 n

139 400 246 434 θείου
279 396 374 443 ’μῶν
396 398 687 446 φιλοτιμηθέντα
710 399 963 445 πραγματικοῦ
986 410 1103 432 τυπου
1125 410 1218 431 κατα
1237 410 1307 430 τον
1331 398 1502 440 ημέτερον
1524 394 1786 437 ἐκτελεσθῆναι
1808 390 1957 448 σκοπόν,
1981 392 2084 439 οἵπερ
2108 379 2358 446 σπουδάζομεν
2381 394 2402 426 5

136 444 219 479 τοὺς
250 442 427 488 ὑπηκόους
454 439 622 479 ἅπαντας
652 439 779 497 όρθῶς
801 446 862 477 καὶ
885 440 1173 489 άρᾳδιουργῆτως
1195 444 1269 476 τοῖς
1288 440 1474 487 πράγμασι
1499 443 1691 493 προς-ιένοιι,Σ
1714 442 1774 494 καὶ
1796 449 1880 473 τους
1902 435 2113 492 οφείλοντας
2136 434 2263 489 διαρτο
2286 439 2360 470 τοῖς

135 490 200 532 τῆς
229 488 410 525 πολιτείας
436 488 650 535 πράγμασιν
678 491 870 535 υπουργεῒν
899 485 1030 530 ἡσύχου
1059 484 1260 522 ἀπολαύειν
1287 489 1372 531 βίου
1393 485 1444 529 μὴ
1468 483 1529 519 διὰ
1550 496 1616 519 τας
1638 499 1717 520 των
1739 495 2057 532 αγνωμονουντων
2075 493 2238 527 μηχανάς
2261 479 2359 516 δικα-

137 538 294 580 στηρίοις
314 537 376 568 καὶ
397 537 476 569 ταῖς
494 534 535 575 ἐξ
557 531 682 568 αὐτῶν
704 532 931 580 προςομιλεῖν
954 531 1166 579 δυςχερείαις
1187 544 1229 566 τε
1249 532 1478 575 καὶζημίαις.

1102 665 1260 703 CAPUT
1278 665 1376 703 vm.

262 741 375 791 Ὅπερ
406 742 446 779 δὲ
474 745 517 779 ἐν
545 740 688 788 ἑκάστῳ
721 745 800 779 τῶν
829 745 1029 790 εἰρημένων
1056 744 1266 791 κεφαλαίων
1295 742 1418 779 ἰδικαῖς
1449 741 1647 787 ἐθήκαμεν,
1678 742 1786 777 τοῦτο
1815 743 1966 788 γενικῶς
1995 742 2037 776 ἐν
2069 741 2123 785 τῷ
2154 741 2219 776 τοῦ
2250 739 2356 788 λόγου

135 791 445 836 ἐπισφοαγίσματι
475 790 598 824 θεῖναι
628 788 848 833 συνείδομεν,
879 787 933 835 ἐφ’
964 783 998 834 ᾧ
1027 803 1068 824 τε
1091 793 1131 824 έν
1153 787 1272 826 ἅπασι
1295 793 1369 824 τοῖς
1388 787 1644 834 προλεχθεῖσιν
1665 787 1728 820 ἴσα
1752 787 1934 834 προνόμια
1955 789 2029 821 τοῖς
2052 788 2092 821 ἐν
2113 788 2166 830 τῷ
2192 799 2355 833 προειρη-
2383 788 2424 821 10

136 837 233 879 μένῳ
250 825 342 870 ’τῶν
374 832 664 881 ἇργυροπρατῶν
691 838 883 879 σωματείῳ
915 833 1209 882 καταλεγομένοις
1231 838 1293 869 καὶ
1310 837 1383 870 τοῖς
1405 835 1549 867 τούτων
1572 832 1800 877 κληρονόμοις
1822 836 1882 865 καὶ
1906 830 2084 874 διαδόχοις
2109 847 2126 862 ι
2146 847 2162 863 0
2180 846 2197 863 ο
2225 829 2279 876 ἐφ’
2304 831 2356 866 οἷς

134 881 226 915 κατὰ
257 882 335 915 τῶν
365 877 412 926 ἇρ
437 881 653 926 υροπρατιῦν
684 881 847 914 κινοῦσιν
878 877 1060 925 ὑπάρχειν.
1106 883 1236 925 πρέπει
1263 880 1332 926 γὰρ
1362 881 1502 922 ἐκείνην
1533 878 1702 923 ἑκάτερον
1728 880 1833 932 μέρος
1857 878 1927 920 τὴν
1951 874 2194 923 ἇκεραιότητα
2216 879 2259 910 ἐν
2281 880 2355 911 τοῖς

135 926 275 960 οἰκείοις
309 893 583 970 συναλλάγμασί
616 936 657 959 τε
694 927 754 958 καὶ
793 924 980 970 πράγμασι
1017 924 1293 971 διαφυλάττειν,
1330 921 1377 968 ἣν
1411 925 1529 967 ἐαυτῷ
1566 925 1666 965 ζητεῖ
1699 936 1799 968 παρα
1832 923 1898 956 τοῦ
1932 923 2055 967 ἑτέρου
2090 921 2353 967 φυλάττεσθαι.

135 973 159 1006 1
210 972 328 1004 Ταῦτα
359 974 486 1005 τοίνυν
510 968 571 1004 διὰ
594 970 659 1003 τοῦ
683 968 864 1015 παρόντος
884 969 987 1004 θείου
1011 967 1117 1015 ἡμῶν
1139 971 1389 1016 πραγματικοῦ
1413 968 1531 1004 τύπου
1552 967 1755 1002 κελεύοντες
1775 970 1836 1001 καὶ
1858 969 1968 1001 τοῦτο
1991 968 2244 1012 προςτίθεμεν,
2267 964 2357 1001 dien

134 1014 205 1058 τὴν
226 1014 295 1059 σὴν
327 1014 518 1062 λογιότητα
541 1017 602 1048 καὶ
624 1011 789 1049 ἅπαντας
810 1014 892 1049 τοὺς
912 1013 1082 1061 μεγάλους
1104 1014 1278 1061 ἄρχοντας
1300 1013 1495 1049 συνελθεῖν
1517 1016 1591 1048 τοῖς
1614 1014 1654 1047 ἐν
1673 1014 1728 1056 τῷ
1745 1015 1992 1058 προειρημένῳ
2017 1011 2221 1057 συστήματι
2243 1025 2355 1046 κατα·
2382 1015 2423 1048 15

135 1058 350 1115 λεγομένοις,
380 1057 469 1095 cgere
497 1059 570 1093 εἴτε
601 1057 662 1093 διὰ
693 1057 980 1106 προςταγμάτων
1009 1060 1080 1095 εἴτε
1107 1058 1168 1095 διὰ
1198 1073 1222 1106 γ
1246 1059 1425 1104 αμμάτων
1457 1060 1528 1093 εἴτε
1557 1055 1602 1092 δι’
1628 1059 1750 1104 ἑτέρου
1772 1058 1989 1100 οἱουδηποτε
2011 1056 2194 1100 συνήθους
2216 1057 2355 1105 τρόπου

133 1117 226 1148 μετα
252 1107 317 1148 τῆς
344 1106 410 1139 τοῦ
439 1103 550 1150 νόμου
581 1102 800 1138 ἀκολουθίας
824 1107 944 1147 τυχεῖν
974 1103 1102 1140 αὐτοὺς
1131 1107 1176 1161 1⁷}
1223 1074 1374 1148 genuam·
1403 1106 1623 1149 ἐπικουρίας,
1655 1106 1716 1137 καὶ
1742 1101 1949 1145 δυνηθῆναι
1972 1101 2066 1136 κατὰ
2089 1104 2167 1137 τῶν
2190 1100 2354 1149 ἀγνωμο-

135 1147 302 1185 νούντων
323 1150 575 1194 βοηθηθῆναι,
599 1153 659 1183 καὶ
679 1149 730 1194 μὴ
751 1146 1032 1196 ἀναγκασθῆναι
1053 1153 1113 1184 καὶ
1132 1151 1262 1185 αυτοὺς
1283 1149 1498 1196 ἀγνώμονας
1528 1151 1661 1193 ἑτέροις
1683 1149 1897 1194 φαίνεσθαι,
1920 1144 2009 1182 ἀλλὰ
2031 1147 2172 1191 μᾶλλον
2195 1146 2354 1188 ἐνδείξα-

134 1195 230 1229 σθαι
258 1194 302 1230 τὸ
327 1193 491 1230 εὐνοϊκὸν
519 1197 580 1228 καὶ
610 1194 799 1241 εὔγνωμον
828 1195 918 1240 πρὸς
947 1195 1031 1229 τοὺς
1058 1196 1201 1230 ἑαυτῶν
1232 1194 1488 1238 συναλλάκτας,
1515 1194 1574 1229 οἶα
1588 1191 1727 1248 {touton
1749 1197 1809 1227 καὶ
1831 1194 1876 1241 τῇ
1901 1194 1978 1227 τῶν
2001 1191 2070 1248 {pte
2078 1195 2191 1239 ιε’ρων
2212 1194 2357 1238 χρόνων

134 1237 342 1286 ἆγαθότητι
369 1243 429 1274 καὶ
458 1243 532 1274 τοῖς
561 1236 705 1282 ἁπάσης
731 1241 794 1283 τῆς
822 1239 1006 1275 πολιτείας
1033 1239 1306 1287 συναλλάγμασι
1335 1243 1547 1286 πρέποντος,
1580 1252 1632 1273 ων
1664 1238 1711 1273 τὰ
1734 1242 1886 1285 μέγιστα
1909 1241 1971 1272 καὶ
1993 1235 2268 1284 αναγκαιότατα
2291 1236 2354 1272 διὰ
2379 1240 2424 1273 20

133 1287 200 1319 τοῦ
222 1289 480 1330 προειρημένου
504 1283 561 1318 ἀεὶ
584 1284 809 1329 συστήματος
830 1289 982 1331 γίνεται.

270 1327 397 1375 (Ἐπί
404 1329 452 1364 λο
459 1330 564 1374 γος.)
615 1330 665 1363 Τὰ
696 1333 820 1364 τοίνυν
850 1330 1093 1377 παραστάντα
1115 1327 1201 1373 ἡμῖν
1223 1333 1284 1364 καὶ
1306 1328 1368 1364 διὰ
1391 1328 1499 1364 τοῦδε
1521 1331 1587 1364 τοῦ
1612 1330 1717 1364 θείου
1740 1329 1990 1375 πραγματικοῦ
2015 1326 2216 1373 δηλούμενα
2238 1324 2356 1363 τύπου

134 1372 158 1416 ἦ
184 1375 231 1418 σὴ
260 1374 424 1421 λογιότης
453 1379 514 1409 καὶ
543 1376 613 1409 πᾶς
639 1376 757 1420 ἕτερος
787 1373 957 1419 δικαστὴς
985 1377 1050 1419 τῆς
1072 1373 1242 1421 ἡμετέρας
1264 1375 1446 1410 πολιτείας
1468 1378 1602 1420 βέβαια
1622 1373 1829 1420 φυλαξάτω,
1860 1371 1982 1408 ἀδείας
2000 1373 2105 1417 ούσης
2127 1377 2200 1408 τοῖς
2224 1372 2358 1407 ἱκέταις

135 1421 178 1453 ἐν
204 1423 318 1454 παντὶ
347 1418 581 1465 δικαστηρίῳ,
609 1421 751 1464 μείζονί
777 1433 817 1455 τε
847 1423 909 1453 καὶ
931 1419 1109 1464 ἐλάττονι,
1142 1422 1355 1466 ἐμφανίζειν
1376 1418 1484 1455 τόνδε
1506 1419 1573 1455 τὸν
1597 1421 1703 1457 θεῖον
1726 1418 1982 1465 πραγματικὸν
2001 1419 2118 1453 τύπον
2140 1422 2200 1453 καὶ
2222 1419 2356 1452 τοῦτον

135 1462 409 1510 ἀναλαμβάνειν
449 1469 509 1499 καὶ
539 1466 604 1508 τῆς
633 1465 673 1505 ἐξ
704 1462 815 1499 αὐτοῦ
844 1465 1032 1511 τυγχάνειν
1053 1466 1245 1510 βοηθείας,
1276 1466 1458 1508 τοσαύτην
1488 1467 1529 1500 ἐν
1555 1466 1601 1513 τῇ
1622 1464 1787 1511 παρούσῃ
1811 1462 1989 1498 ὑποθέσει
2011 1467 2072 1497 καὶ
2094 1467 2168 1498 τοῖς
2190 1476 2354 1509 προειρη·
2379 1465 2422 1498 25

134 1511 256 1552 με’νοις
277 1508 484 1556 κεφαλαίοις
506 1507 664 1554 δύναμιν
686 1511 838 1554 ἔχοντος,
861 1507 952 1554 ὅσην
975 1513 1037 1545 ἐπὶ
1059 1514 1133 1545 τοῖς
1156 1509 1272 1546 ἄλλοις
1295 1509 1507 1557 πράγμασιν
1530 1510 1565 1544 οἱ
1585 1512 1722 1556 γενικοὶ
1742 1507 1848 1554 ἡμῶν
1869 1511 1990 1551 ἔχουσι
2011 1507 2130 1554 νόμοι.
2176 1508 2260 1544 Dat.
2279 1509 2355 1543 kal.

136 1554 246 1591 Mart.
269 1555 340 1592 GP.
363 1555 450 1600 imp.
474 1555 534 1592 dn.
555 1554 745 1590 Iustiniani
766 1566 827 1601 pp.
851 1556 943 1600 Aug.
967 1565 1063 1592 imno
1086 1555 1180 1599 XV„
1203 1559 1288 1601 post
1310 1555 1436 1592 Bmlii
1457 1566 1512 1592 vc.
1537 1565 1638 1592 cons.
2200 1556 2247 1596 [a.
2265 1555 2357 1594 542]

134 1718 242 1755 talem
270 1728 360 1761 esse,
386 1722 430 1754 ut
455 1722 575 1754 motas
603 1718 833 1764 nondumque
858 1719 988 1764 finitas
1014 1723 1081 1755 aut
1106 1719 1216 1756 etiam
1246 1730 1341 1765 quae
1372 1720 1409 1754 in
1438 1723 1625 1765 posterum
1652 1718 1891 1754 movebuntur
1913 1719 2182 1755 controversias
2204 1718 2258 1752 ita
2274 1718 2356 1753 sitis

133 1762 380 1806 diiudicaturi,
410 1767 453 1798 ut
480 1774 596 1810 neque
623 1764 808 1810 supplices
835 1775 856 1800 e
885 1764 1086 1800 debitorum
1111 1765 1341 1811 improbitate
1363 1769 1429 1799 aut
1451 1764 1595 1800 levitate
1619 1765 1790 1799 iniustum
1814 1764 2042 1810 dispendium
2064 1764 2217 1799 subeant
2239 1774 2356 1809 neque

131 1818 217 1844 vero
246 1809 396 1844 innoxii
421 1819 473 1844 ex
499 1808 637 1854 iniquis
658 1809 912 1845 vexationibus
933 1809 1141 1856 importuna
1164 1809 1379 1845 detrimenta
1402 1810 1596 1855 accipiant,
1627 1809 1692 1845 sed
1709 1812 1746 1844 et
1768 1819 1863 1855 quae
1884 1819 2002 1856 nuper
2021 1810 2226 1863 petentibus
2242 1819 2354 1855 prae-

133 1854 210 1889 bita
230 1857 329 1896 sunt,
351 1856 436 1889 rata
460 1857 497 1889 et
518 1854 657 1888 intaeta
680 1858 861 1898 maneant,
883 1858 920 1891 et
938 1865 1032 1900 quae
1052 1866 1122 1901 per
1137 1860 1366 1901 praesentem
1385 1865 1529 1890 sacram
1552 1860 1714 1890 nostram
1722 1854 1992 1901 praqmaticam
2005 1858 2167 1900 sormam
2182 1864 2354 1889 concessa

131 1902 217 1934 sunt
238 1909 259 1934 e
280 1903 407 1934 nostro
431 1898 582 1933 consilio
631 1899 855 1944 erliciantur,
878 1900 942 1945 qui
964 1899 1004 1934 id
1025 1900 1178 1946 aqimus,
1202 1903 1243 1934 ut
1266 1910 1389 1935 omnes
1402 1899 1539 1936 subditi
1553 1904 1649 1935 recte
1663 1903 1698 1935 et
1711 1910 1784 1934 non
1799 1899 1924 1935 leviter
1938 1899 1988 1934 ad
2001 1900 2150 1945 neqotia
2165 1899 2354 1940 accedant,

132 1947 170 1979 et
186 1943 221 1979 ei
239 1944 313 1989 qui,
338 1943 439 1989 quod
459 1943 586 1990 reipub
601 1953 680 1979 icae
702 1944 857 1990 neqotiis
879 1944 1088 1986 inserviunt,
1139 1946 1234 1980 uieta
1258 1945 1332 1980 vita
1351 1945 1436 1990 frui
1455 1944 1596 1987 debent,
1619 1955 1691 1980 non
1707 1955 1782 1991 per
1795 1945 2040 1991 improborum
2056 1943 2245 1980 machinas
2260 1944 2352 1979 iudi-

133 1988 201 2024 ciis
221 1999 387 2034 quaeque
408 1988 493 2023 inde
516 1988 685 2024 oriuntur
706 1989 878 2024 molestiis
907 1994 942 2024 et
964 1956 1162 2036 dispendqis
1184 1989 1423 2036 implicentur.

267 2043 366 2079 vm.
411 2042 519 2087 Quod
547 2047 666 2079 autem
693 2044 732 2078 in
761 2055 981 2091 unoquoque
1007 2045 1186 2080 dictorum
1216 2045 1376 2091 capitum
1398 2045 1610 2091 sinqulatim
1630 2046 1830 2092 posuimus,
1861 2045 1901 2081 id
1923 2045 1963 2080 in
1986 2044 2167 2080 orationis
2188 2043 2354 2080 clausula

132 2087 351 2135 qeneraliter
373 2099 517 2135 ponere
546 2089 660 2124 visum
690 2092 761 2131 est,
791 2095 832 2124 ut
862 2090 915 2124 in>
930 2089 1094 2125 omnibus
1121 2100 1215 2135 quae
1244 2094 1330 2125 ante
1359 2096 1637 2126 commemorata
1666 2095 1754 2126 sunt
1783 2090 1953 2136 aequalia
1983 2090 2178 2136 privileqia
2200 2090 2274 2124 sint
2295 2089 2352 2131 iis,

133 2134 197 2180 qui
230 2134 269 2169 in
301 2132 490 2180 praedicto
525 2134 816 2179 arqentariorum
845 2134 999 2180 colleqio
1027 2139 1269 2179 recensentur,
1303 2145 1499 2181 eorumque
1529 2134 1720 2171 heredibus
1750 2140 1786 2171 et
1807 2135 2073 2171 successoribus
2104 2149 2121 2165 ο
2141 2148 2158 2165 ο
2178 2148 2195 2165 ε
2228 2135 2267 2169 in
2297 2135 2351 2170 eis

133 2177 334 2214 actionibus
362 2189 455 2224 quas
482 2177 655 2214 adversus
676 2180 909 2225 arqentor-ios
929 2183 1081 2216 movent.
1129 2179 1299 2216 Convenit
1320 2180 1414 2216 enim
1437 2190 1516 2215 eam
1539 2184 1730 2226 utramque
1749 2184 1893 2227 peu-tem
1915 2179 2181 2226 simplicitatem
2203 2180 2243 2214 in
2262 2189 2350 2225 pro-

133 2225 156 2260 1
198 2223 294 2270 priis
320 2222 564 2258 contractibus
592 2232 638 2258 ac
666 2224 821 2270 neqotiis
849 2224 927 2259 suis
952 2235 1109 2266 servare,
1140 2235 1249 2270 quam
1278 2225 1347 2259 sibi
1377 2225 1423 2260 ab
1446 2225 1564 2260 altera
1586 2226 1727 2261 servari
1750 2226 1846 2261 velit.
1897 2225 1997 2260 Haec
2019 2225 2133 2271 iqitur
2149 2235 2222 2270 per
2242 2235 2351 2270 prae-

133 2273 265 2304 sentem
291 2278 436 2303 sacram
465 2272 627 2303 nostram
651 2269 922 2315 praqmaticam
949 2269 1111 2315 sormam
1141 2269 1301 2305 iubentes
1331 2269 1439 2305 etiam
1468 2269 1536 2304 boc
1568 2269 1745 2312 addimus,
1777 2275 1818 2306 ut
1840 2270 2049 2316 eloquentia
2071 2274 2135 2304 tua
2159 2279 2352 2314 omnesque

135 2313 261 2359 maqni
282 2313 519 2359 maqistratus
540 2324 612 2355 eos,
636 2315 702 2360 qui
721 2315 759 2348 in
775 2313 971 2360 praedicto
994 2314 1146 2359 colleqio
1169 2319 1411 2356 recensentur,
1434 2314 1615 2356 adiuvent,
1638 2321 1678 2350 ut
1699 2316 1774 2351 sive
1794 2326 1863 2361 per
1884 2315 2003 2350 edicta
2025 2314 2100 2350 sive
2115 2325 2189 2360 per
2212 2314 2354 2349 litteras

131 2358 206 2393 sive
232 2357 308 2393 alia
363 2357 498 2394 ualibet
526 2363 699 2394 consueta
728 2359 872 2394 ratione
900 2363 1043 2395 servato
1073 2359 1166 2394 iuris
1195 2359 1324 2395 ordine
1355 2361 1597 2395 necessarium
1618 2360 1815 2395 subsidium
1838 2364 2119 2406 consequantur,
2135 2359 2353 2406 possintque

133 2402 277 2439 auxilio
348 2413 473 2438 versus
494 2403 680 2449 improbos
698 2404 823 2450 potiri,
854 2414 969 2450 neque
1001 2407 1181 2450 coqantur
1203 2404 1276 2450 ipsi
1298 2415 1442 2450 quoque
1462 2404 1502 2439 in
1526 2405 1620 2439 alios
1642 2405 1838 2441 malevolos
1859 2416 1898 2441 se
1918 2409 2122 2451 praestare,
2141 2405 2207 2440 sed
2227 2405 2353 2450 potius

133 2447 411 2484 benevolentiam
433 2451 470 2483 et
492 2448 746 2494 beniqnitatem
767 2449 826 2490 iis,
850 2459 911 2494 qut
936 2460 1015 2484 eum
1038 2449 1129 2495 ipsis
1151 2447 1382 2491 contrahunt,
1405 2448 1613 2491 exhibeant,
1635 2450 1736 2495 quod
1756 2448 1828 2486 boc
1849 2455 1887 2485 et
1908 2451 2025 2485 nostri
2045 2449 2185 2485 saeculi
2198 2449 2355 2485 bonitati

132 2497 169 2528 et
201 2493 390 2573 wimsffi
417 2492 638 2583 reipikblicae
667 2495 910 2529 contractibus
940 2494 1125 2535 convenit,
1161 2504 1317 2540 quorum
1345 2495 1550 2541 qravissimi
1576 2500 1613 2531 et
1642 2495 1801 2531 maxime
1822 2495 2019 2531 necessarii
2035 2505 2106 2541 per
2121 2493 2353 2541 praedictum

131 2547 273 2584 semper
293 2548 337 2573 co
385 2548 485 2583 qtum
535 2542 610 2573 unt.

269 2592 359 2646 Epi
365 2594 409 2630 lo
416 2605 511 2640 qus.
558 2594 660 2637 Quae
688 2595 804 2641 iqitur
833 2595 936 2630 nobis
992 2595 1182 2631 Iacuerunt
1211 2598 1247 2630 et
1264 2606 1336 2647 per
1358 2594 1452 2630 hanc
1473 2606 1615 2631 sacram
1632 2597 1903 2642 praqmaticam
1925 2595 2160 2632 declarantur
2180 2596 2352 2641 sormam,

131 2638 336 2685 eloquentia
366 2642 431 2673 tua
459 2643 496 2675 et
525 2639 674 2685 quilibet
704 2640 800 2675 alius
828 2640 954 2686 reipub
969 2641 1048 2675 icae
1078 2645 1226 2675 nostrae
1256 2640 1370 2676 iudex
1387 2640 1498 2686 firma
1526 2648 1683 2681 servato,
1716 2642 1861 2676 licentia
1891 2641 1979 2676 data
2009 2641 2235 2686 supplicibus
2258 2640 2353 2676 hanc

130 2694 274 2719 sacram
292 2684 559 2729 praqmaticam
580 2685 741 2730 formam
764 2686 802 2719 in
825 2686 926 2720 omni
945 2684 1088 2726 iudicio,
1112 2690 1148 2721 et
1170 2685 1307 2721 maiore
1329 2690 1365 2721 et
1386 2686 1536 2727 minore,
1553 2685 1786 2732 producendi
1807 2697 1958 2732 eamque
1977 2685 2183 2730 recipiendi
2203 2691 2239 2721 et
2254 2687 2353 2732 quod

130 2738 174 2764 eo
205 2727 316 2763 datur
346 2728 542 2764 subsidium
570 2729 827 2775 consequendi,
858 2734 983 2776 utpote
1013 2740 1108 2775 quae
1139 2734 1277 2765 tantam
1307 2730 1346 2765 in
1373 2732 1557 2776 praesenti
1587 2741 1675 2766 casu
1705 2736 1742 2767 et
1771 2731 1812 2766 in
1839 2732 2039 2778 praedictis
2068 2731 2250 2778 capitibus
2282 2732 2351 2767 vim

132 2771 273 2815 babeat,
295 2776 468 2818 quantam
492 2774 530 2808 in
552 2773 636 2809 aliis
658 2775 815 2820 neqotiis
835 2775 1024 2821 qenerales
1045 2779 1194 2810 nostrae
1217 2774 1314 2821 leqes
1337 2777 1509 2812 obtinent.

177 2942 198 2974 2
228 2937 319 2983 μηδὲ
343 2941 400 2983 Μ,
424 2954 507 2975 corr.
530 2942 633 2975 Kroll
655 2942 667 2983 u
695 2943 717 2976 4
742 2941 881 2985 πρῴην]
906 2954 980 2975 που.
1006 2943 1151 2976 CXXX
1157 2943 1209 2976 VT
1278 2944 1460 2987 Sen'myero
1490 2945 1577 2988 vuly.
1611 2945 1624 2988 ss
1655 2943 1782 2978 τούτου
1805 2947 1983 2989 Aqylaeus]
2011 2947 2075 2978 τοῦ
2103 2947 2166 2979 σοῦ
2192 2947 2236 2979 M
2262 2948 2274 2989 fl
2307 2949 2350 2980 20

131 2999 158 3019 c.
176 2986 196 3019 3
221 2987 270 3019 ed.
289 2986 352 3019 IX
372 2998 399 3019 c.
415 2989 433 3020 ’ἶ
463 2986 476 3030 Ι
504 2988 524 3019 5
548 2986 648 3030 εἴπερ
669 2986 719 3028 Μ,
744 3000 825 3020 corr.
852 2988 1016 3030 Scrimyer
1043 2987 1056 3031 Ι
1091 2990 1128 3021 11
1156 3001 1208 3021 ετ-
1275 2987 1522 3034 συναλάγμασι
1547 2991 1592 3023 Μ
1602 2991 1615 3034 Ι
1640 2992 1683 3024 26
1706 2990 1738 3023 d.
1763 2991 1796 3022 k.
1821 2994 1917 3023 mart.
1944 2992 2000 3031 M]
2025 2991 2091 3023 dat.
2111 2992 2140 3024 V
2157 2991 2224 3024 kal.
2249 2992 2348 3025 Mart.

131 3031 248 3064 cidisse
274 3033 351 3072 fere
385 3033 446 3063 καὶ
479 3033 552 3064 τοῖς
586 3031 712 3064 αἰτῶν
747 3029 1006 3065 συναλλάκταις
1040 3035 1101 3065 καὶ
1134 3035 1208 3066 τοῖς
1275 3046 1344 3067 cum
1383 3036 1567 3079 Scrimqero
1603 3037 1691 3079 vulq.
1732 3035 1746 3080 Ι
1780 3037 1821 3070 27
1862 3036 1939 3068 inst.
1983 3036 2028 3069 M
2054 3037 2067 3079 [Ι
2105 3036 2223 3069 basilio
2261 3047 2292 3070 v.
2317 3046 2347 3070 ο.

130 3073 273 3108 τούτων
308 3073 541 3119 κληρονόμοις
574 3079 634 3109 καὶ
674 3073 854 3118 διαδόχοις
890 3078 970 3110 vidit
1003 3077 1206 3122 Aqylaeusfl
1275 3089 1380 3112 conss.
1402 3080 1450 3113 M

134 3121 175 3154 13
210 3120 330 3163 ζητεῖν
359 3121 404 3154 Μ
429 3121 444 3165 Ι
476 3123 518 3156 19
553 3118 718 3155 εὐνοϊκὸν
746 3123 805 3162 Μ]
840 3119 1107 3168 εύγνωμονικὸν
1137 3135 1206 3157 eum
