2592 3840
215 79 324 124 Nov.
353 80 478 125 XXII
507 82 574 125 24.
606 83 660 123 25
1291 74 1372 124 166

214 189 329 227 ούτοις
359 189 442 226 οὐδὲ
472 188 674 235 ὑποθήκην.
725 189 813 225 ἀλλὰ
843 186 910 224 κᾶν
936 190 972 224 εἴ
998 201 1036 224 τι
1060 188 1238 236 πράξαιεν
1259 188 1297 224 οἱ

215 240 346 284 γονεῖς,
378 236 486 291 ςῦθὺς
514 236 581 280 τὴν
606 236 729 271 αὐτῶν
757 234 981 277 ὑποτίθησιν
1004 232 1124 270 αὐτοῖς
1154 247 1293 280 περιου·

2183 90 2244 122 DE
2270 88 2447 123 numus

1363 192 1548 234 parentes,
1580 198 1663 224 mox
1686 197 1809 224 eorum
1834 188 1968 233 obligat
1998 187 2050 224 eis
2073 187 2330 224 substantiamt
2371 198 2445 224 non

1362 237 1404 269 ut
1426 234 1616 279 prohibeat
1639 244 1701 268 eos
1725 233 1762 268 in
1787 233 1843 268 his
1867 233 2002 286 aliquid
2024 242 2130 277 agere
2155 243 2249 278 quae
2270 233 2448 269 voluerint

217 287 316 323 σίαν,
352 295 415 324 ουχ
430 282 536 324 ,casn
571 281 722 316 κωλύειν
756 281 836 315 τούς
866 283 980 327 γονεῖς
1010 278 1073 315 ἐπ’
1110 279 1228 314 αὐτοῖς
1258 293 1295 314 τι
1362 279 1556 320 (erubescit
1591 278 1682 314 enim
1724 278 1783 313 lex
1820 280 2057 322 castlgatores
2097 277 2191 314 filios
2226 278 2446 323 genitoribus

218 326 392 371 πράττειν
417 327 470 361 ὡν
494 326 689 371 βούλονται
713 323 932 378 (αἰσχύνεται
959 323 1026 371 γὰρ
1049 322 1068 359 ὁ
1093 325 1201 370 νόμος
1225 336 1294 359 σω·

1363 328 1532 366 statuere)
1541 337 1550 358 ε

1595 323 1692 376 (sed)
1711 323 1791 358 illos
1816 323 1958 368 quidem
1983 323 2172 365 erubescit,
2195 323 2444 359 interminatur

218 387 244 429 ‹g›
268 372 411 406 ονιστὰς
445 374 526 407 τοὺς
558 370 689 407 παῖδας
722 374 794 405 τοῖς
827 382 1046 417 γεννησασιν
1076 371 1293 413 ἐπιστῆσαι),
1330 373 1348 404 5
1364 372 1484 404 autem
1500 368 1771 413 aceip1entibuS‚
1788 370 1968 412 tamquam
1984 367 2073 403 nihil
2089 367 2140 404 eis
2155 367 2252 413 quod
2264 368 2448 414 accipiunt

218 432 241 451 α

265 416 300 451 λ’
329 419 480 452 ἐκείνους
506 420 570 451 ιιέν
593 417 765 463 ἐρυθριᾷ,
797 413 976 450 διαπειλεῖ
1003 412 1044 449 δὲ
1066 418 1139 450 τοῖς
1160 414 1295 459 λαμβά-

219 474 355 503 νουσιν,
381 462 427 497 ὠς
446 450 552 496 οὐδὲν
572 460 698 495 αὐτοὺς
716 460 758 495 τὸ
778 459 922 505 ληφθὲν
938 457 1075 503 ὀνήσει·
1110 463 1171 494 καὶ
1188 460 1295 494 ἴστω-

220 506 288 541 σάν
304 520 348 558 γε
371 511 431 541 καὶ
456 510 493 541 ἐκ
512 505 617 541 τοῦδε
636 503 739 550 ἡμῶν
758 506 822 539 τοῦ
843 504 967 549 νόμου,
991 502 1049 547 ὠς,
1073 501 1141 539 κᾶν
1162 505 1198 539 εἴ
1212 517 1297 539 τινα

220 565 318 605 παρα
353 553 430 586 τῶν
466 549 647 605 τοιούτωνὶ
674 553 814 603 γονᾋέων
828 548 1047 604 1οἰγορασίαν
1081 548 1297 593 ποιήσαιντο

1363 414 1489 459 prosit.
1525 413 1575 448 Et
1594 413 1711 448 sciant
1729 422 1774 448 ex
1790 413 1859 448 hac
1879 417 2005 448 nostra
2023 413 2100 457 lege
2113 414 2207 458 quia,
2227 413 2284 448 vel
2296 413 2328 449 si
2340 422 2447 458 quam

1365 469 1388 493 a
1416 459 1548 494 talibus
1577 457 1787 502 parentibus
1819 468 1899 494 com
1924 457 2122 494 arationem
2153 458 2305 494 fecerint
2332 458 2388 494 vel
2416 457 2448 493 si

1367 504 1573 549 acceperint
1602 503 1831 538 donationem
1859 513 1902 539 ve
1945 503 1978 539 si
2001 502 2087 548 quid
2118 502 2276 539 omnium
2299 502 2446 548 egerint,

1365 548 1438 584 tale
1462 548 1529 583 erit
1553 548 1658 593 quale
1681 558 1797 601 neque
1819 551 1958 593 gestum
1986 558 2102 593 neque
2126 548 2318 602 scriptum,
2351 547 2448 594 quod
2500 559 2502 562 ’

221 611 288 631 καν
311 598 343 631 εἰ
367 595 510 642 λάβοιεν
536 595 675 644 δωρεαν
705 609 772 629 καν
800 596 831 628 εὶ
862 608 898 629 τι
929 608 1007 629 των
1031 594 1183 630 πάντων
1207 594 1296 641 πρά·
1314 596 1352 629 10
1365 594 1504 629 factum
1528 595 1594 628 est.
1641 593 1886 629 Vindicabunt
1909 593 2003 629 enim
2027 603 2070 629 ea.
2094 603 2237 629 ommno
2257 593 2322 629 filii
2343 593 2446 628 here-

221 643 331 683 ξαιεν,
363 644 402 675 ἐν
430 643 496 686 ἴσῳ
526 645 598 676 τοῖς
627 639 716 685 μήτε
740 643 1005 687 πεπραγμένοις
1033 640 1124 685 μήτε
1146 653 1296 687 γεγραμ-

220 690 339 731 μένοις
372 689 475 721 ἔσται
508 686 550 720 τὸ
584 687 789 733 γενόμενον.
844 683 1071 727 ἐκδικήσουσι
1105 684 1174 732 γὰρ
1206 684 1298 719 αὐτὰ

221 729 367 766 πάντως
390 732 425 765 οἱ
446 730 569 766 παῖδες
593 730 805 777 κληρονόμοι
834 743 875 764 τε
899 728 1023 764 αὐτῶν
1053 733 1114 765 καὶ
1138 726 1298 772 διάδοχοι

222 775 383 832 παρά,τε
407 775 639 821 κληρονόμων
662 779 812 810 ἐκείνων
843 778 904 809 καὶ
928 773 1121 819 διαδόχων,
1154 774 1218 809 οὐκ
1241 774 1297 809 ἆλ-

1367 638 1499 682 desque
1526 648 1649 673 eorum
1677 640 1715 674 et
1745 648 1973 674 successores
2006 639 2052 674 ab
2083 637 2274 674 heredibus
2304 637 2448 674 illorum

1368 688 1402 718 et
1426 683 1709 726 successoribus,
1742 694 1813 719 non
1841 683 1945 719 aliter
1968 683 2179 719 excludendi
2214 683 2287 719 nisi
2313 682 2446 718 tricen-

1367 729 1448 763 nale
1471 730 1634 763 transeat
1651 731 1792 774 tempus
1811 732 1848 765 et
1866 728 2060 764 detentatio
2081 728 2244 765 dominos
2264 728 2446 774 accipien-

1367 778 1421 809 tes
1451 774 1662 809 constituat:
1694 773 1887 818 incipiente
1916 772 2001 809 filiis
2031 775 2194 819 tempore
2225 783 2372 809 currere
2403 782 2448 808 ex

223 822 291 856 λως
316 820 584 874 αποκλειόμενρι
616 820 711 873 πλὴν
735 821 766 854 εἰ
789 818 838 865 μὴ
863 820 1141 868 τριακονταετὴς
1169 818 1296 866 παρέλ-
1316 821 1353 854 15
1369 829 1439 872 qno
1464 828 1551 854 suae
1574 819 1765 863 potestatis
1789 818 2024 864 apparuerint
2046 819 2240 855 existentes
2264 822 2328 854 aut
2347 818 2448 861 facti,

222 867 287 900 θοι
309 866 432 913 χρόνος
456 869 514 899 καὶ
535 880 557 909 η
576 879 708 909 κατοχη
728 869 866 911 κυρίους
887 864 970 900 τοὺς
989 865 1168 910 λαβόντας
1190 878 1298 899 κατα-

222 909 379 954 στήσειε·
416 912 609 957 ἀρχομένου
644 914 717 945 τοῖς
747 914 876 946 παισὶν
907 911 970 945 τοῦ
1001 910 1130 959 χρόνου
1160 913 1299 954 τρέχειν

221 957 260 997 ἐξ
279 955 389 1003 οὗπερ
405 954 626 996 αύτεξούσιοι
650 958 797 1002 φανεῖεν
820 954 921 990 ὄντες
943 953 965 999 ἢ
982 954 1180 1003 γενόμενοι,
1204 953 1300 997 πλὴν

221 1002 251 1035 εἰ
273 1000 323 1045 μή
344 1013 398 1035 τις
421 999 552 1045 ἄνηβος
576 999 694 1045 ἡλικία
718 999 1027 1048 προςβοηθὴσειεν
1051 1003 1117 1036 ἔτι.

1368 864 1437 899 msi
1459 867 1581 899 tamen
1603 863 1725 909 aliqua
1747 864 1911 910 impubes
1933 865 2036 899 aetas
2059 863 2204 901 adiuvet
2226 863 2356 900 adhuc.

1186 1134 1342 1171 CAPUT
1367 1133 1483 1171 XXV.

270 1200 473 1238 Ἐλεύσεται
507 1201 548 1237 δὲ
581 1203 628 1237 τὰ
662 1204 815 1238 τοιαῦτα
849 1204 927 1238 τῶν
960 1201 1100 1247 κερδῶν
1137 1204 1185 1237 εἰς
1218 1201 1301 1237 τοὺς
1314 1204 1356 1236 20
1415 1201 1568 1237 Venient
1591 1204 1712 1237 autem
1734 1201 1823 1236 talia
1845 1201 1948 1237 lucra
1971 1201 2019 1238 ad
2039 1200 2135 1238 filios
2158 1211 2281 1238 omnes
2306 1212 2351 1238 ex
2368 1202 2448 1257 pri-

221 1248 350 1285 παῖδας
374 1246 539 1283 ἅπαντας
561 1248 642 1282 τοὺς
671 1250 709 1282 ἐκ
739 1250 819 1283 τῶν
848 1252 1039 1295 προτέρων
1060 1247 1201 1295 γάμων.
1250 1245 1300 1283 Οὐ

219 1294 286 1341 γὰρ
318 1296 461 1339 ἐφίεμεν
490 1297 562 1328 τοῖς
591 1294 736 1340 γονεῦσι
766 1293 835 1328 τ“ν
863 1293 927 1328 οὐκ
952 1292 1078 1340 ὀρθῶς
1102 1295 1301 1338 ἑπειςηγμέ-

220 1353 288 1382 νην
312 1338 480 1386 ἐπιλογὴν
509 1340 556 1373 εἰς
588 1337 715 1373 αὐτοὺς
745 1340 785 1373 ἐν
810 1339 1019 1380 είκνυσθαι,
1050 1335 1133 1372 οὐδὲ
1155 1340 1209 1382 τῷ
1233 1340 1301 1383 μὲν

220 1386 297 1418 τῶν
318 1383 463 1419 παίδων
485 1382 645 1426 διδόναι,
669 1382 736 1418 τὸν
760 1382 800 1418 δὲ
820 1382 1017 1429 ἀτιμάζειν.
1055 1381 1213 1418 ἅπαντες
1233 1382 1301 1430 γὰρ

1370 1246 1493 1282 oribus
1529 1247 1674 1301 nuptiis.
1721 1246 1804 1282 Non
1839 1247 1932 1281 enim
1968 1247 2203 1292 permittimus
2239 1249 2449 1296 parentibus

1371 1302 1444 1327 non
1467 1294 1565 1328 recte
1585 1292 1826 1327 mtroductam
1850 1291 2058 1327 electionem
2081 1293 2119 1327 in
2143 1302 2226 1335 eos,
2250 1303 2366 1338 neque
2387 1291 2450 1328 alii

1370 1337 1512 1382 quidem
1535 1337 1690 1373 filiorum
1713 1336 1808 1380 dare,
1834 1336 1942 1372 alium
1957 1346 2041 1373 vero
2062 1337 2302 1374 exhonorare:
2326 1347 2449 1374 omnes

1371 1383 1464 1418 enim
1487 1382 1654 1418 secundis
1679 1382 1839 1418 similiter
1858 1382 2069 1418 exhonorati
2092 1385 2177 1418 sunt
2195 1383 2341 1428 nuptiis.
2379 1382 2449 1418 Sed

220 1433 292 1463 τοῖς
316 1428 489 1483 δευτέροις
512 1427 643 1474 ὁμοίως
666 1426 925 1484 ἦτιμάσθησαν
947 1428 1080 1476 γάμοις.
1123 1427 1239 1464 ἄλλως
1261 1442 1301 1462 τε
1315 1431 1356 1463 25
1370 1427 1669 1473 quemadmodum
1698 1427 1729 1463 si
1752 1427 1909 1462 omnium
1932 1427 2088 1462 filiorum
2115 1427 2276 1464 similiter
2298 1427 2450 1464 heredes

221 1475 319 1521 εἴπερ
352 1473 527 1510 απάντων
561 1475 640 1508 τῶν
675 1472 822 1509 παίδων
855 1478 987 1519 ομοίως
1017 1473 1302 1520 κληρονομοῦσιν

221 1519 257 1554 οἱ
284 1523 398 1567 γονεῖς
427 1523 486 1553 καὶ
515 1515 556 1554 ού
586 1518 654 1554 τὸν
688 1521 755 1564 μὲν
788 1517 1035 1564 διαδέχονται,
1071 1519 1138 1554 τὸν
1167 1518 1207 1554 δὲ
1238 1517 1302 1562 οὐχ

221 1564 368 1609 ὁμοίως,
400 1563 490 1599 ἀνθ’
518 1561 603 1599 ὅτου
633 1563 683 1609 μὴ
705 1568 766 1599 καὶ
790 1562 894 1599 αὐτοὶ
918 1566 1032 1600 πᾶσιν
1055 1565 1170 1608 ἐξίσης
1196 1562 1240 1599 τό
1261 1576 1302 1612 γε

222 1613 281 1645 ἐπὶ
304 1610 422 1653 τούτῳ
436 1613 724 1663 ,προςφέρονται,
753 1607 842 1644 ἀλλὰ
865 1609 946 1663 τοὺς
968 1612 1037 1655 μὲν
1061 1609 1299 1657 ἐπιλέγονται,

1371 1473 1530 1509 existunt
1551 1476 1718 1518 parentes
1743 1476 1779 1508 et
1802 1483 1874 1508 non
1897 1472 1958 1507 alii
1981 1472 2122 1518 quidem
2146 1473 2361 1519 succedunt,
2387 1472 2451 1509 alii

1370 1528 1454 1554 vero
1479 1529 1552 1554 non
1575 1518 1752 1561 similiter,
1785 1528 1850 1553 cur
1871 1528 1945 1553 non
1973 1522 2010 1553 et
2036 1517 2107 1564 ipsi
2130 1518 2294 1554 omnibus
2320 1528 2365 1554 ex
2388 1527 2448 1554 ae·

1372 1573 1454 1609 quo,
1490 1568 1662 1609 quantum
1681 1563 1728 1599 ad
1751 1563 1833 1605 hoc,
1866 1562 2068 1606 conferant,
2102 1563 2164 1599 sed
2194 1563 2285 1600 alios
2308 1563 2449 1610 quidem

1370 1609 1518 1653 eligant,
1553 1609 1642 1644 alios
1673 1619 1757 1645 vero
1793 1608 2017 1654 despiciant?
2062 1608 2219 1655 Ideoque
2254 1608 2449 1645 secundum

221 1655 303 1690 τοὺς
327 1654 365 1690 δὲ
389 1657 617 1701 παρορῶσιν;
653 1652 757 1690 Ὦςτε
786 1654 879 1690 κατὰ
908 1669 976 1698 την
999 1654 1198 1702 ἀναλογίαν
1221 1657 1300 1689 §xa-
1315 1658 1357 1690 30
1395 1654 1639 1699 roportionem
1663 1653 1909 1699 unusquisque
1932 1653 2001 1688 hoc
2018 1653 2190 1696 lucretur,
2213 1657 2250 1690 et
2268 1653 2300 1690 si
2317 1654 2449 1690 habeat

222 1712 303 1735 στος
332 1702 374 1735 τὸ
406 1703 572 1735 τοιοῦτον
603 1699 841 1747 κερδαινέτω,
871 1704 932 1735 καὶ
963 1701 995 1734 εἰ
1025 1705 1126 1744 σχοίη
1158 1698 1300 1742 παῖδας,

221 1747 268 1779 εἰς
291 1744 418 1780 αὐτούς
441 1747 547 1780 τοῦτο
572 1748 865 1792 παραπεμπέτω·
904 1745 940 1780 οἱ
970 1744 1010 1780 δὲ
1039 1747 1147 1780 τοῦτο
1178 1748 1218 1780 ἐν
1242 1743 1300 1780 ἀλ-

222 1790 335 1833 λήλοις
370 1790 659 1838 διαιρείσθωσαν
701 1788 805 1825 αὐτοὶ
842 1793 910 1835 μὲν
949 1790 1040 1826 κατὰ
1076 1790 1119 1826 τὸ
1157 1793 1300 1836 μέτρον,

221 1833 350 1871 ὁπόσοι
366 1836 615 1878 ἱκαθεστᾶσιν,
647 1833 688 1871 οὗ
712 1840 837 1881 μέντοι
867 1835 910 1871 τὸ
941 1837 1006 1871 τοῦ
1035 1835 1172 1882 πατρὸς
1195 1834 1299 1882 ὑπερ-

221 1884 409 1924 βαίνοντες
431 1884 543 1929 μέρος.
1270 1900 1273 1904 ·

1394 1699 1479 1742 lios,
1515 1699 1562 1735 ad
1593 1701 1660 1735 eos'
1684 1699 1752 1735 hoc
1783 1698 2024 1742 transmittat,
2058 1698 2111 1734 illi
2141 1709 2224 1735 vero
2255 1699 2325 1735 hoc
2353 1698 2450 1734 inter

1370 1745 1562 1780 alterutros
1586 1745 1789 1790 partiantur
1817 1743 1888 1789 ipsi
1917 1743 2058 1789 quidem
2089 1744 2286 1780 secundum
2306 1754 2448 1781 mensu-

1369 1800 1465 1834 ram,
1498 1790 1624 1835 quanti
1649 1789 1862 1833 consistant,
1890 1798 1964 1825 non
1986 1792 2107 1825 tamen
2125 1789 2239 1835 patris
2263 1793 2449 1828 &amoen-

1369 1835 1493 1872 dentes
1516 1835 1726 1882 portionem.
1789 1849 1792 1851 >
2055 1853 2057 1855 >

270 1998 309 2030 15
324 2008 372 2039 sq.
395 1993 670 2042 τριακονταετὴς
693 2014 737 2020 -
759 1994 896 2041 χρόνος]
921 2003 1075 2030 notantur
1098 1996 1179 2030 haec
1200 1990 1294 2030 Ῥοπ.
1317 1997 1374 2036 40,
1387 2003 1416 2030 9.

221 2095 311 2119 nem.
370 2083 443 2119 Sed
465 2084 572 2119 etiam
594 2084 627 2120 si
651 2085 741 2131 quid
762 2085 922 2131 fecerint
941 2090 1136 2132 parenteS,
1166 2085 1290 2122 statim
1313 2085 1478 2131 ipsorum
1503 2085 1599 2121 bona
1622 2085 1696 2120 illis
1720 2085 1879 2132 obliqat:
1911 2096 1987 2121 non
2010 2095 2082 2131 quo
2098 2083 2296 2132 prohibeat
2310 2095 2449 2132 paren-

223 2134 275 2165 tes
297 2140 343 2165 ne
365 2128 409 2165 de
432 2129 478 2164 iis
504 2129 652 2175 faciant
679 2140 774 2175 quae
803 2129 930 2167 volunt
958 2131 1096 2177 (pudet.
1112 2130 1206 2167 enim
1231 2130 1345 2176 leqem
1369 2130 1611 2176 castiqatores
1627 2129 1848 2176 parentibus
1870 2130 2004 2166 liberos
2023 2130 2249 2176 praeficere),
2278 2129 2344 2166 sed
2359 2129 2450 2167 illos

221 2174 364 2221 quidem
387 2179 581 2217 reveretur,
615 2175 776 2211 minatur
798 2186 884 2211 vero
909 2176 1191 2223 accipientibus,
1223 2175 1315 2211 ninii
1337 2175 1430 2222 ipsis
1452 2176 1698 2222 profuturum
1721 2185 1798 2211 esse
1820 2174 1861 2228 ίᾴ
1889 2174 1989 2228 quod
2010 2185 2075 2210 acc
2121 2175 2233 2211 erint:
2265 2185 2311 2211 ao
2332 2175 2452 2212 sciant

221 2221 328 2255 etiam
351 2230 400 2255 eac
424 2219 492 2255 hac
515 2224 643 2255 nostra
669 2220 757 2266 leqe,
782 2220 867 2256 licet
889 2221 978 2267 quid
1000 2221 1045 2257 ab
1068 2221 1246 2257 eiusmodi
1262 2219 1481 2268 parentibus
1503 2220 1684 2267 emptione
1703 2220 1951 2267 acquiszermt,
1975 2220 2060 2256 licet
2103 2230 2211 2256 onum
2231 2220 2448 2267 acceperint,

222 2265 305 2300 licet
329 2265 430 2300 aliud
453 2265 595 2311 quidvis
618 2267 776 2312 eqerint,
808 2265 848 2300 id
896 2267 970 2302 uod
989 2268 1134 2313 factum
1156 2270 1212 2303 est
1243 2265 1398 2313 perinde
1427 2266 1514 2311 fore
1537 2270 1648 2311 atque
1671 2276 1766 2311 quae
1789 2276 1904 2312 neque
1930 2266 2037 2311 facta
2065 2276 2182 2311 neque
2202 2264 2347 2312 scripta
2363 2264 2448 2301 sint.

231 2310 471 2362 Vinclicabnunt
494 2311 587 2346 enim
611 2322 653 2346 ea
678 2277 951 2363 omnino-liberi
967 2323 1099 2364 ‚eorum
1126 2323 1170 2348 ue
1193 2310 1342 2347 heredes
1365 2314 1401 2346 et
1421 2321 1648 2363 successores
1671 2310 1717 2346 ab
1737 2310 1884 2363 illorum
1906 2309 2098 2363 heredibus
2116 2314 2153 2346 et
2168 2309 2448 2363 successoribus,

222 2355 742 2447 stiffdffltffzffisstzdtxss‘t
767 2367 900 2437 aa?
911 2359 1607 2449 otii-Zsstsscffsstfifflxffissfflmi‘
1620 2366 2001 2447 ἑζῗῖὶῗῖαἶὲἲὲεΐ
2015 2365 2182 2448 affpffss'ssa'
2183 2354 2451 2447 „²⁴²1‚⁸‘m{‘}”f⁸²0'¹r⁰1{

220 2446 417 2491 pupillaris
439 2450 540 2481 aetas
563 2446 647 2481 illos
669 2447 819 2493 insuper
842 2446 996 2483 adiuvet.
2413 2454 2415 2456 ’

330 2535 336 2541 .
355 2490 467 2526 XXV.
524 2490 673 2527 Venient
695 2502 779 2527 vero
803 2492 979 2528 eiusmodi
999 2492 1103 2529 lucra
1126 2492 1177 2528 ad
1199 2502 1323 2528 omnes
1346 2491 1498 2534 liberos,
1529 2492 1594 2544 qui
1617 2501 1667 2528 ex
1683 2490 1876 2538 prioribus
1904 2490 2044 2538 nuptiis
2065 2494 2159 2526 sunt.
2206 2489 2335 2537 Neque
2356 2490 2450 2526 enim

222 2536 460 2580 permittimus
477 2536 706 2581 parentibus,
738 2541 779 2572 ut
801 2548 875 2572 non
897 2542 994 2574 recte
1017 2537 1262 2574 introductam
1285 2537 1494 2573 electionem
1522 2548 1563 2572 m
1592 2536 1667 2572 illis
1689 2535 1904 2579 exhibeant,
1934 2546 2052 2582 neque
2073 2539 2115 2572 ut
2137 2535 2203 2571 aliz·
2258 2535 2378 2573 uidem
2398 2545 2451 2572 ex

224 2579 345 2615 liberis
368 2579 471 2631 dent,
491 2581 613 2631 ‘atium
635 2592 719 2617 vero
744 2583 961 2618 contumelia
985 2584 1166 2630 afficiant.
1216 2581 1348 2619 Omnes
1370 2582 1464 2618 enim
1494 2581 1662 2618 secundis
1685 2582 1824 2634 nuptiis
1847 2581 1940 2628 pari
1962 2580 2181 2632 contumelia
2204 2591 2228 2615 a
2261 2580 2332 2617 coti
2353 2583 2448 2616 sunt.

225 2623 442 2675 Praesertim
465 2636 496 2659 sz
545 2626 662 2661 uidem
674 2632 848 2673 parentes
869 2628 1033 2664 omnibus
1050 2628 1173 2664 liberis
1191 2628 1268 2663 suis
1289 2627 1494 2674 aequaliter
1513 2626 1664 2663 heredes
1684 2630 1859 2669 existunt,
1882 2636 1949 2662 nec
1964 2635 2047 2662 vero
2071 2625 2138 2660 alai
2153 2624 2362 2668 succedunt,
2385 2625 2452 2661 alii

224 2679 298 2703 non
322 2673 424 2721 item,
449 2670 511 2715 qui
537 2670 574 2704 ni
597 2676 633 2706 et
653 2671 725 2717 ipsi
749 2683 871 2708 omnes
885 2674 977 2725 pari
1001 2674 1120 2715 modo,
1145 2676 1320 2719 quantum
1343 2671 1394 2707 ad
1414 2671 1511 2708 nanc
1533 2683 1628 2714 rem,
1653 2675 1821 2714 tractent,
1843 2670 1910 2707 sed
1931 2670 2027 2706 alios
2048 2669 2096 2706 eli
2121 2674 2202 2713 ant,
2225 2669 2322 2722 alios
2337 2680 2448 2718 prae·

227 2715 447 2749 terminant?
494 2713 624 2760 Itaque
633 2727 715 2767 pro
737 2727 804 2752 sua
827 2728 980 2764 quasque
1005 2719 1183 2766 portione
1213 2718 1303 2754 talia
1334 2717 1506 2760 lucretur,
1536 2721 1645 2763 atque
1665 2716 1699 2752 si
1720 2715 1854 2752 liberos
1883 2714 2032 2758 habeat,
2133 2725 2198 2751 eos
2219 2714 2312 2751 allud
2332 2719 2450 2751 ιναηε-

224 2758 435 2839 &angli-nbi
459 2770 542 2795 vero
567 2760 605 2794 id
626 2765 721 2796 inter
742 2772 780 2797 se
804 2762 969 2799 dividant
990 2763 1185 2800 secundum
1208 2773 1433 2805 mensuram,
1467 2765 1649 2809 quotquot
1668 2764 1774 2804 sunt,
1798 2765 1840 2797 ut
1863 2764 1982 2800 tamen
1999 2760 2125 2807 patris
2144 2760 2354 2807 portionem
2375 2770 2451 2796 non

223 2815 243 2838 6
365 2815 377 2838 7
407 2832 413 2838 .

271 2899 289 2928 2
315 2896 454 2927 ἑαυτῶν
467 2896 595 2936 Praetu,
607 2898 716 2939 Epan.
736 2901 747 2940 11
763 2900 1005 2933 ὑποτιθέασιν
1019 2902 1136 2934 Procli.
1157 2901 1168 2944 ΙΙ
1186 2904 1205 2935 3
1218 2900 1301 2935 τοὺς

223 2941 348 2986 γονεῖς]
374 2950 427 2972 eos
452 2952 470 2976 ς
493 2939 505 2984 11
533 2937 594 2973 ἐπ’
622 2939 748 2975 αὐτους
773 2944 818 2976 M
843 2943 979 2978 ἑαυτοῖς
991 2946 1122 2987 ΡνοσΙι.,
1147 2946 1256 2990 Epan.
1290 2946 1301 2988 11

226 2988 244 3017 5
265 2982 499 3030 γεννήτορσιν
525 2986 558 3018 Β
574 2984 586 3029 11
605 2986 793 3028 ἐπιστῆναι
819 2988 868 3028 Μ,
893 2990 1009 3023 ΡνοεῘι.
1027 3004 1056 3024 υ.
1072 2992 1090 3023 Ι.
1110 2990 1122 3034 11
1139 2994 1157 3024 7
1183 2988 1301 3023 αὐτοῖς

225 3030 256 3063 L
270 3030 387 3064 Proch.
403 3029 416 3074 ΙΙ
433 3028 476 3064 τὸ
501 3027 654 3074 ληφθὲν]
679 3029 863 3074 τολμηθὲν
876 3034 993 3067 Proch.
1003 3048 1032 3068 υ.
1047 3036 1066 3069 l.
1086 3035 1098 3077 11
1113 3037 1174 3068 καὶ
1193 3035 1300 3069 ἴστω-

224 3086 294 3108 σαν
315 3094 359 3099 -
386 3076 427 3108 12
445 3073 639 3120 γενόμενον
663 3089 721 3109 om.
738 3077 866 3119 Proch„
879 3079 987 3121 Epan.
1007 3079 1019 3122 11
1036 3082 1055 3114 8
1078 3082 1129 3125 γε]
1154 3077 1194 3113 δὲ
1217 3080 1266 3114 Bt
1289 3080 1301 3121 ΙΙ

223 3121 283 3152 καὶ
307 3133 366 3154 om.
384 3120 444 3163 Bu
469 3117 586 3161 τοῦδε]
611 3120 675 3153 τοῦ
694 3133 733 3165 γε
756 3122 799 3154 Μ
808 3122 820 3164 11
855 3125 893 3156 10
917 3125 977 3155 καὶ
1001 3124 1032 3156 εἰ
1055 3122 1199 3167 λάβοιεν
1218 3126 1266 3159 ,B1
1288 3124 1300 3169 11

227 3167 262 3198 11
290 3167 364 3199 τοῖς
386 3163 525 3208 μήποτε
538 3165 570 3198 L
588 3165 600 3209 11
622 3168 658 3198 12
684 3162 860 3199 έκδικοῦσι
876 3168 913 3200 Β
931 3167 943 3211 11
964 3171 1002 3202 14
1023 3180 1062 3201 τε
1077 3177 1104 3202 et
1128 3173 1164 3203 15
1178 3168 1227 3213 μὴ
1239 3183 1298 3203 οηι.

223 3211 353 3251 ΡνοσΙι-,
367 3211 476 3253 Epan.
497 3209 509 3253 11
528 3212 567 3244 15
581 3208 750 3255 παρῆλθε
763 3211 811 3243 Β*
830 3210 842 3253 ΙΙ
862 3214 899 3244 16
924 3211 1165 3255 *καταστήσει
1177 3217 1298 3253 (κατα-

222 3252 334 3297 στὴση
348 3256 404 3296 L1)
415 3254 551 3289 MLBs·
561 3254 676 3289 Nom!¹
686 3256 794 3298 Epan.
815 3257 1031 3297 καταστήσω
1046 3259 1090 3290 Bt
1101 3259 1218 3292 Proch.
1230 3263 1274 3301 (ς)
1288 3262 1298 3302 11

223 3302 265 3334 20
278 3314 326 3343 sq.
352 3303 392 3345 qs.
412 3301 495 3334 Nov.
510 3300 554 3334 II
574 3312 600 3333 c.
618 3303 631 3333 1
652 3299 664 3344 11
691 3302 730 3334 21
758 3300 821 3333 τοῦ
845 3303 1019 3344 προτέρου
1042 3299 1156 3347 γάμου
1171 3305 1298 3344 ΡνοεΙι.,

222 3346 332 3388 Epan.
348 3345 361 3388 11
381 3343 442 3386 Οὔ]
467 3342 551 3379 οὐδὲ
574 3345 621 3378 Bl
639 3344 651 3389 11
668 3347 709 3379 23
735 3344 795 3379 ἐπὶ
821 3341 927 3390 λόγον
952 3346 999 3378 L²
1018 3347 1028 3388 11
1045 3344 1299 3381 ἐνδείκνυσθαι

222 3403 279 3424 om.
304 3402 323 3427 ς
350 3390 362 3435 11
393 3392 435 3425 24
459 3386 647 3433 ἀτιμάζων
672 3391 718 3424 L¹
749 3389 754 3433 1
789 3391 830 3423 25
861 3387 992 3432 ὁμοίως
1024 3393 1096 3423 τοῖς
1125 3389 1299 3437 δευτέροις

223 3435 337 3468 Nom.‹¹
360 3435 372 3478 11
399 3431 676 3479 ἦτοιμάσθησαν
696 3436 728 3469 L
751 3434 756 3475 Ι
793 3432 907 3467 ἄλλως
929 3437 980 3474 τε]
1010 3432 1091 3467 ἀλλ’
1120 3431 1214 3469 ὥστε
1239 3450 1257 3473 ς
1289 3438 1300 3481 11

222 3482 263 3513 28
287 3477 336 3524 μὴ
356 3482 428 3521 καὶ]
454 3482 513 3513 καὶ
536 3478 585 3523 μὴ
609 3481 661 3514 Bs
673 3480 685 3522 11
704 3481 747 3514 29
771 3480 879 3513 τοῦτο
904 3481 932 3512 L
949 3480 960 3520 11
978 3475 1056 3512 ἀλλ’
1082 3477 1211 3514 αὐτούς
1233 3484 1299 3524 μὲν

226 3526 265 3556 Μ
280 3525 291 3568 11
309 3528 347 3558 31
374 3523 417 3559 τὸ
440 3525 605 3558 τοιοῦτον
624 3525 711 3558 BL²
722 3525 838 3559 Nom!¹
855 3526 933 3565 (hoc
953 3526 997 3565 ς)]
1021 3525 1099 3558 τῶν
1122 3527 1299 3560 τοιούτων

224 3571 268 3602 M
268 3571 311 3603 L¹
327 3569 340 3614 ΙΙ
358 3568 563 3615 κερδανέτω
581 3572 640 3604 καὶ
659 3569 771 3612 ἰσχύει
788 3569 834 3608 (εἰ
849 3567 947 3611 σχύει
961 3569 1021 3610 L2)
1040 3570 1069 3602 L
1087 3570 1100 3613 11
1117 3572 1158 3603 32
1178 3567 1298 3605 τούτω

227 3615 269 3646 Ι,ι
286 3614 298 3657 11
324 3618 365 3647 33
390 3614 431 3648 τὸ
456 3618 600 3660 μέτρον]
624 3613 667 3649 τὸ
688 3629 746 3649 οπι.
762 3615 809 3648 B¹

1414 2900 1435 2933 2
1458 2898 1660 2941 prohibeant
1676 2898 1711 2930 B.
1724 2898 1773 2931 V³
1790 2897 1802 2941 11
1818 2908 1903 2939 quae
1906 2898 1916 2940 1
1941 2898 2032 2940 quod
2042 2898 2077 2931 R,
2094 2899 2107 2939 11
2123 2901 2144 2931 4
2167 2896 2224 2930 sed
2237 2898 2315 2930 add.
2328 2896 2415 2941 vulq-
2438 2895 2452 2939 11

1369 2943 1446 2977 illos
1455 2942 1589 2985 quidem
1599 2942 1764 2976 erubescit
1777 2943 1839 2976 del.
1852 2942 1900 2976 V³
1911 2941 1924 2987 11
1940 2946 1960 2977 6
1972 2943 2093 2983 sciant]
2108 2941 2231 2975 [0000-
2243 2939 2292 2975 V¹
2329 2942 2347 2974 7
2361 2950 2450 2974 oom-

1367 2989 1557 3032 parationes
1566 2987 1613 3021 Β·
1631 2988 1643 3031 11
1662 2989 1682 3022 8
1703 2987 1899 3021 donationes
1914 2988 1944 3022 R
1962 2987 1974 3030 11
1993 2989 2034 3022 10
2058 2985 2285 3020 nendicabnnt
2340 2985 2425 3020 V²T

1368 3044 1440 3067 eam
1462 3032 1578 3076 R¹Vll
1596 3033 1744 3074 omnino]
1770 3033 1903 3066 nomine
1925 3032 1983 3077 711
2002 3034 2042 3067 13
2067 3034 2195 3075 tempus
2217 3031 2363 3064 transeat
2381 3030 2417 3064 R

1368 3078 1515 3112 detentio
1530 3078 1580 3112 R¹
1594 3077 1608 3122 11
1629 3080 1671 3112 14
1690 3076 1753 3110 filii
1776 3076 1838 3121 Ru
1860 3079 1898 3112 15
1922 3076 2014 3121 snae]
2037 3077 2148 3110 soiuae
2161 3075 2240 3120 3¹11
2258 3085 2299 3118 ap
2323 3075 2451 3110 aruerit

1369 3125 1416 3157 13¹
1433 3125 1445 3167 11
1464 3125 1506 3158 20
1521 3125 1609 3157 rubr.
1633 3123 1781 3156 Lucrum
1801 3125 1882 3155 ante
1900 3123 2036 3166 nuptias
2057 3121 2247 3155 donationis
2267 3130 2308 3153 ue
2337 3120 2448 3153 cuius-

1367 3179 1508 3211 cumque
1532 3168 1651 3201 ultime
1674 3168 1861 3201 uoluntatis
1883 3167 2004 3201 collate
2025 3167 2062 3200 in
2085 3173 2222 3199 uxorem
2245 3174 2265 3198 a
2287 3164 2364 3198 uiro
2392 3164 2449 3199 uel

1368 3225 1385 3247 e
1409 3224 1569 3247 conuerso
1591 3212 1678 3246 filios
1700 3213 1823 3255 prioris
1845 3211 2051 3246 matrimonii
2078 3210 2200 3244 habere
2227 3208 2392 3251 equaliter
2412 3209 2448 3244 R

1368 3272 1428 3302 my.
1445 3258 1458 3304 11
1476 3262 1536 3291 aut
1548 3259 1597 3292 Βι
1614 3256 1627 3303 11
1643 3257 1710 3290 alia
1733 3256 1788 3302 Vn
1804 3259 1842 3292 21
1870 3257 2010 3300 nuptiis]
2029 3256 2107 3290 add.
2119 3255 2260 3289 offensos
2282 3255 2399 3298 (suppl.
2413 3255 2447 3289 in

1367 3312 1451 3347 spat.
1466 3317 1535 3338 vac.
1559 3303 1620 3345 V2)
1641 3302 1730 3344 VR²‚
1753 3302 1886 3335 offensis
1910 3301 1967 3342 13¹,
1989 3299 2048 3339 17²„
2059 3313 2087 3335 s.
2101 3312 2143 3342 ο.,
2174 3302 2213 3333 ut
2238 3299 2368 3333 ostendi
2394 3298 2459 3346 RQ

1367 3361 1435 3382 av.
1467 3348 1479 3392 ΙΙ
1508 3350 1549 3383 22
1579 3347 1783 3381 introduu·
1807 3347 1857 3379 V¹
1885 3345 1899 3392 fl
1929 3345 1996 3378 alio
2024 3345 2071 3379 13¹
2100 3344 2112 3389 11
2143 3346 2184 3379 25
2212 3345 2253 3385 si]
2286 3344 2351 3387 ipsi
2371 3343 2407 3378 V
2433 3345 2447 3389 11

1368 3394 1516 3427 omnium
1546 3392 1705 3433 filiorum]
1736 3391 1884 3425 omnium
1908 3389 2026 3423 deinde
2052 3390 2097 3423 sit
2123 3390 2272 3423 omnium
2299 3388 2446 3423 filiorum

1368 3439 1446 3471 add.
1469 3439 1518 3471 V¹
1542 3437 1661 3471 deinde
1684 3437 1712 3470 si
1736 3436 1883 3470 omnium
1904 3434 2049 3468 filiorum
2067 3436 2145 3469 add.
2162 3435 2237 3477 R¹n
2256 3436 2298 3469 26
2322 3433 2446 3467 alio—

1367 3482 1434 3515 alio
1447 3483 1479 3515 R
1495 3483 1507 3526 11
1526 3485 1566 3517 27
1589 3484 1661 3523 ουτ]
1675 3492 1750 3515 cum
1768 3480 1845 3524 R¹n
1863 3481 1906 3514 29
1931 3480 2005 3513 ideo
2027 3480 2090 3514 VT
2100 3479 2113 3525 11
2132 3481 2175 3513 30
2198 3479 2446 3522 proportionem

1368 3528 1479 3567 (antea
1491 3535 1576 3570 epae.
1593 3535 1639 3562 est
1654 3530 1673 3561 2
1689 3528 1761 3567 litt.)
1781 3525 1821 3569 V,
1843 3525 2014 3568 portiones
2028 3526 2059 3558 R
2079 3525 2267 3567 portionem
2282 3524 2408 3567 Tvulq.
2432 3521 2446 3567 Ι

1367 3573 1528 3612 unusquis
1549 3572 1605 3617 1711
1634 3572 1784 3605 lucretur
1807 3571 1870 3603 hoc
1891 3570 1954 3603 VT
1973 3568 1986 3614 11
2014 3569 2114 3603 habet
2138 3569 2206 3603 ΒΤ
2215 3569 2239 3612 11
2269 3571 2309 3603 31
2336 3571 2442 3601 trans-

1366 3617 1502 3648 mittant
1522 3618 1556 3650 V
1573 3617 1819 3650 transmittatur
1843 3615 1874 3648 R
1919 3615 1982 3648 hoc
2003 3615 2092 3648 inter
2116 3627 2175 3648 om.
2202 3613 2250 3648 3¹
2267 3613 2281 3659 Ι
2296 3612 2338 3648 33
2363 3622 2440 3646 eon-

1366 3661 1491 3693 sistunt
1514 3662 1543 3694 V
1556 3661 1568 3706 11
1585 3665 1626 3696 34
1650 3662 1823 3705 porciones

2582 2595 2592 2743 ἑ
