2592 3840
260 70 366 114 Now
381 69 517 113 XCIV
549 73 584 113 1.
615 72 641 112 2
1321 64 1406 112 462
1940 78 2000 110 m·
2029 77 2129 110 snm
2159 76 2479 111 noman-roim

258 181 389 225 νόμους
411 182 480 225 τὴν
504 179 720 224 κηδεμονίαν
742 178 918 215 ὑπελθεῖν
941 177 1123 222 ἆντετέθη
1148 179 1247 225 παρὰ
1271 179 1338 214 τὸν
1406 178 1500 222 leges
1532 186 1654 213 curam
1684 177 1804 213 subire
1833 176 1973 213 obiectu
2002 178 2059 213 est
2090 179 2217 213 contra
2241 179 2400 214 nostram
2422 178 2477 213 in·

272 225 431 271 ’μέτερον
463 226 601 261 σκοπὸν
632 224 703 259 ὑπό
737 238 852 260 τινων
887 221 950 259 οὐκ
981 221 1105 269 ὀρθῶς
1135 223 1156 268 ἦ
1188 223 1337 268 τοιαύτη
1406 222 1600 258 tentionem
1633 221 1681 258 ab
1712 221 1891 268 aliquibus
1926 232 1999 258 non
2033 226 2129 258 recte
2163 222 2365 259 huiusmodi
2392 232 2476 259 con-

258 241 437 312 διάταξις,
471 269 683 315 βουλόμεθα
707 271 771 304 τοῦ
795 270 909 314 νόμου
941 271 1005 303 τοῦ
1030 271 1146 304 ταῦτα
1176 269 1338 316 λέγοντος
1407 267 1561 310 stitutio,
1593 267 1755 303 volumus
1786 267 1823 302 in
1851 267 1929 312 lege
1960 267 2047 303 haec
2077 267 2216 303 dicente
2237 270 2393 304 matrum
2415 277 2477 303 ex-

259 319 337 351 τιῦν
360 319 526 361 μητέρων
549 316 773 360 ἐξαιρεῖσθαι
797 315 844 349 τοὶ
869 314 1054 359 πρόςωπα.
1102 316 1250 360 πρῶτον
1271 316 1339 359 μὲν
1407 312 1478 357 cipi
1501 322 1683 357 personas.
1730 312 1888 348 Primum
1909 312 2049 357 quidem
2073 322 2217 348 causam
2239 312 2477 349 introductam

259 362 330 409 γὰρ
361 363 507 407 πρᾶγμα
539 362 823 405 εἰςενηνεγμένον
855 357 945 405 ὑπὲρ
968 360 1046 394 τῶν
1069 362 1164 395 νέων
1192 357 1246 394 ἀεὶ
1269 373 1338 394 κω·
1374 363 1472 403 5pr0
1495 357 1691 394 minoribus
1720 367 1858 403 semper
1878 357 2069 437 firohibere
2092 358 2195 393 modo
2218 357 2477 403 ineptissimum

261 406 367 441 λῦσαι
390 408 457 440 νῦν
488 406 564 439 τῶν
595 401 847 439 ἀτοπωτάτων
877 403 1085 451 ἡγούμεθα,
1117 407 1243 439 ἔπειτα
1274 402 1338 439 οὐκ
1407 402 1645 445 aestimamus,
1678 402 1805 438 deinde
1829 414 1878 438 nu
1906 413 1948 438 us
1972 402 2117 438 eandem
2140 403 2282 448 (ponet)
2305 403 2475 438 constitu·

261 451 306 486 ἄν
336 463 388 485 τις
419 451 487 493 τὴν
517 447 630 492 αὐτὴν
660 450 767 484 &otro
798 449 903 490 τάξιν
927 450 970 496 τῇ
1001 463 1040 484 τε
1068 453 1177 496 μητρὶ
1205 453 1277 485 τοῖς
1299 463 1338 484 τε
1407 447 1537 482 tionem
1561 449 1598 483 et
1612 448 1717 483 matri
1740 450 1777 483 et
1799 448 1899 483 aliis:
1933 458 2014 483 cum
2036 448 2132 483 illam
2155 457 2307 492 namque
2329 451 2478 483 naturae

262 495 389 530 ἄλλοις,
437 495 505 549 τὴν
528 497 595 539 μὲν
617 495 686 541 γὰρ
711 494 848 541 φύσεως
873 497 961 540 ἔρως
985 491 1131 539 εὐσεβὴς
1154 499 1235 540 περὶ
1257 495 1340 529 τοὺς
1407 502 1506 527 amor
1536 492 1617 537 pius
1649 493 1745 528 circa
1776 492 1867 528 filios
1899 492 1975 529 sine
1997 493 2199 537 suspicione
2228 492 2339 528 faciat
2371 502 2477 538 quam

262 540 393 575 παῖδας
413 537 628 575 ἀνυποπτον
649 537 817 574 ἀποτελεῖ
838 539 884 574 τὰ
909 538 1041 581 πολλά,
1072 543 1145 575 τοῖς
1173 538 1213 574 δὲ
1241 538 1338 574 οὐδε·-
1407 537 1615 582 plurimum,
1646 537 1715 573 illis
1746 539 1880 574 nullam
1910 537 2124 573 habentibus
2155 537 2203 574 ad
2225 537 2317 573 filios
2344 536 2477 573 favoris

261 590 350 630 μίαν
373 587 490 628 ἔχουσι
515 585 605 631 πρὸς
628 584 709 619 τοὺς
732 583 863 620 παῖδας
895 582 1057 632 ἀνάγκην
1088 582 1226 620 εὐνοίας
1249 582 1338 619 εἰκό-
1355 587 1394 619 10
1407 582 1670 626 necessitatem,
1706 584 1803 619 recte
1835 593 1907 619 non
1938 585 1993 618 est
2022 582 2194 618 matribus
2226 582 2476 626 derogandum.

261 643 332 665 τως
366 630 407 664 οὗ
438 629 671 676 παραβλητέα
702 630 748 664 τὰ
782 631 859 664 τῶν
892 633 1059 677 μητέρων
1094 632 1204 665 ἐστίν.
1253 627 1339 664 dicre
1407 627 1561 672 Ideoque
1593 627 1739 663 licentia
1774 627 1820 664 sit
1853 628 2027 664 matribus
2062 628 2258 664 secundum
2294 627 2478 673 antiquam

263 675 366 709 ἄδεια
389 679 485 709 ἔστω
515 678 592 709 ταῖς
613 674 770 720 μητράσι
793 675 886 709 κατὰ
910 675 978 717 τὴν
1002 672 1156 721 ἀρχαίαν
1179 674 1338 721 παρατή-
1408 672 1692 708 observationem
1715 673 2051 709 abrenuntiantibus
2076 676 2112 709 et
2135 671 2373 726 obligantibus
2393 682 2479 708 suas

263 732 368 767 ρησιν
392 717 703 764 ἅποταττομέναις
736 723 795 754 καὶ
819 717 1099 765 ὑποτιθεμέναις
1129 721 1175 756 τὰ
1199 721 1340 755 ἑαυτῶν
1408 727 1476 759 reS‚
1501 718 1607 753 sicuti
1630 718 1729 763 prius
1753 718 1898 754 schema
1920 718 1998 761 fuit,
2025 719 2060 753 et
2082 717 2175 754 tueri
2197 717 2289 753 ulios
2313 721 2350 753 et
2372 717 2479 753 talem

264 764 474 812 πράγματα,
506 765 678 811 καθάπερ
701 765 879 811 πρότερον
904 763 1080 809 σχήματος
1101 759 1158 809 ἦν,
1190 769 1250 800 καὶ
1278 762 1340 799 ἇν-
1407 763 1726 808 praescriptionem
1758 773 1828 799 non
1858 763 2068 803 formidare,
2104 763 2167 799 sed
2196 762 2248 798 ita
2282 772 2390 808 super
2423 762 2479 798 his

262 810 556 855 τιλαμβάνεσθαι
579 812 656 845 τῶν
679 809 826 845 παίδων
854 814 914 845 καὶ
941 810 1010 854 τὴν
1031 809 1203 854 τοιαύτην
1227 824 1340 856 παρα-
1357 813 1395 846 15
1410 818 1487 843 esse
1522 818 1564 843 ac
1596 808 1627 843 si
1656 818 1723 843 nec
1755 808 1802 843 ab
1832 808 1933 844 initio
1964 808 2171 852 contigisset
2200 808 2312 852 legem
2343 807 2381 843 in
2410 807 2479 843 hoc

263 857 405 902 γραφὴν
434 855 483 899 μὴ
516 853 687 896 δεδιέναι,
718 853 798 889 ἀλλ’
822 852 919 890 οὕτω
943 856 989 890 τὰ
1013 854 1073 892 ἐπ’
1092 853 1216 890 αὐταῖς
1239 856 1340 897 εἶναι,
1410 852 1527 888 scribi.
1575 853 1803 898 Quapropter
1835 852 1908 889 sive
1938 852 2038 888 dotes
2061 853 2135 889 sive
2162 852 2395 898 sponsalicias
2418 862 2479 888 ex-

264 900 313 935 ώς
337 900 383 935 ἂν
400 902 430 934 εἰ
454 899 544 945 μηδὲ
567 901 634 944 τὴν
650 898 759 946 ἀρχὴν
783 901 978 948 ἐτύγχανεν
1001 898 1021 935 ὁ
1045 900 1153 945 νόμος
1177 904 1236 936 ἐπὶ
1260 900 1341 936 τού-
1408 898 1511 942 igunt
1533 898 1716 943 largitates
1747 898 1820 934 sive
1848 897 1919 934 alia
1949 898 2070 934 debita
2092 897 2226 934 habent
2254 898 2328 934 sive
2350 900 2480 933 matres

265 960 317 990 τῳ
339 949 588 992 γεγραμμένος.
633 942 720 980 dim
744 947 815 980 εἴτε
839 949 986 992 προῖκας
1009 947 1078 981 εἴτε
1103 950 1342 994 προγαμιαίας
1410 944 1456 978 ad
1472 943 1624 979 minores
1641 943 1715 980 sive
1730 943 1882 979 minores
1901 942 1947 978 ad
1961 945 2103 986 matres,
2127 953 2170 978 ex
2183 942 2342 988 paternis
2355 942 2481 979 forsan

264 990 462 1027 ἀπαιτοῦσι
494 989 629 1037 δωρεὰς
660 991 730 1025 εἴτε
754 993 859 1037 ἕτερα
883 989 1077 1038 ὀφλήματα
1101 994 1239 1035 ὲχουσιν
1271 992 1341 1025 εἴτε
1411 989 1662 1025 occasionibus
1693 991 1758 1024 aut
1787 988 1892 1024 etiam
1923 997 1968 1024 ex
1997 988 2152 1034 propriis
2183 987 2308 1031 (multa
2329 997 2482 1032 namque

265 1037 304 1071 αι’
320 1040 465 1082 μητέρες
485 1037 575 1082 πρὸς
599 1036 680 1071 τοὺς
703 1040 801 1071 νέους
825 1037 895 1070 εἴτε
918 1036 954 1070 οἱ
975 1040 1049 1071 νέοι
1081 1037 1170 1083 πρὸς
1194 1037 1255 1072 τὰς
1278 1050 1341 1080 μη·
1355 1039 1398 1072 20
1411 1034 1560 1079 quilibet
1576 1034 1738 1078 cogitans
1758 1035 1795 1069 et
1811 1033 2040 1069 considerans
2059 1032 2281 1076 adinveniet),
2301 1032 2374 1069 sint
2390 1033 2480 1068 haec
2523 1062 2525 1065 .

264 1085 376 1127 τέρας,
401 1084 439 1115 ἐκ
456 1081 641 1128 πατρῴων
665 1082 750 1116 ἴσως
774 1079 994 1128 προφάσεων
1017 1080 1040 1125 ἢ
1063 1086 1123 1116 καὶ
1146 1083 1185 1123 ἐξ
1201 1084 1343 1117 οἰκείων
1410 1080 1548 1124 integra
1572 1081 1750 1124 utrimque
1767 1079 1958 1114 secundum
2008 1079 2117 1114 riores
2138 1078 2408 1115 constitutiones
2427 1077 2482 1113 iu-

266 1126 395 1165 (πολλά
419 1125 458 1161 δὲ
473 1127 520 1161 α”ν
542 1138 594 1161 τις
608 1128 794 1170 μεριμνῶν
814 1131 873 1161 καὶ
893 1129 1125 1173 περισκοπῶν
1141 1125 1344 1175 εὖρήσειεν),
1411 1124 1564 1160 dicanda
1588 1128 1623 1159 et
1644 1123 1848 1166 tractanda,
1879 1124 1953 1159 Sive
1975 1089 2206 1168 ssgitimorum
2239 1122 2312 1160 Sive
2335 1126 2480 1159 natura-

266 1174 360 1207 ἔστω
382 1173 497 1206 ταῦτα
515 1173 746 1216 ἑκατέρωθεν
763 1169 928 1219 ἀκέραια,
950 1172 1040 1206 κατὰ
1057 1173 1117 1207 τὰς
1133 1173 1344 1219 ἔμπροσθεν
1411 1170 1498 1205 lium
1523 1175 1636 1205 mater
1659 1169 1811 1206 filiorum
1833 1169 1982 1204 tutelam
2003 1171 2114 1214 gerat.

267 1216 445 1258 διατάξεις
476 1216 671 1262 κρινόμενα
703 1231 743 1252 τε
773 1221 832 1251 καὶ
857 1216 1132 1261 πολιτευόμενα,
1165 1219 1235 1252 εἴτε
1262 1231 1344 1264 γνη·

266 1266 359 1297 σίων
382 1263 454 1296 εἴτε
478 1263 640 1308 φυσικῶν
664 1259 685 1306 ἡ
709 1262 824 1308 μήτηρ
848 1261 994 1298 παίδων
1017 1262 1253 1309 ἐπιτροπεύει.
1357 1264 1399 1298 25

1259 1373 1416 1410 CAPUT
1438 1373 1485 1410 11.

320 1439 466 1485 Ἐπειδὴ
491 1439 531 1475 δὲ
554 1441 688 1485 πολλὴν
719 1444 848 1486 ἔχομεν
874 1438 1067 1486 εὐλάβειαν
1097 1442 1162 1477 τοῦ
1185 1442 1235 1487 μὴ
1259 1454 1344 1488 προ·
1465 1441 1556 1485 Quia
1578 1450 1661 1476 vero
1684 1440 1830 1477 multam
1853 1441 2026 1477 habemus
2048 1440 2287 1485 formidinem,
2310 1450 2357 1476 ne
2379 1439 2484 1476 facile

266 1492 391 1532 χείρως
421 1484 545 1532 ὅρκους
574 1487 667 1521 κατὰ
698 1489 763 1521 τοῦ
785 1486 942 1532 μεγάλου
964 1487 1055 1521 θεοῦ
1080 1486 1255 1522 δίδοσθαι
1284 1490 1345 1521 καὶ
1412 1486 1657 1522 iusiurandum
1687 1497 1751 1531 per
1773 1496 1936 1531 magnum
1969 1486 2073 1522 deum
2097 1486 2200 1522 detur
2229 1489 2266 1521 et
2288 1485 2358 1522 hoo
2404 1494 2484 1520 rae-

266 1533 412 1567 τούτους
443 1532 763 1577 παραβαίνεσθαι,
797 1530 857 1566 διὰ
881 1533 989 1566 τοῦτο
1014 1529 1190 1577 ᾠήθημεν
1217 1534 1345 1578 χρῆναι
1413 1532 1600 1575 varicetur,
1643 1535 1837 1576 propterea
1872 1531 2084 1567 credidimus
2120 1533 2286 1577 oportere
2319 1533 2356 1567 et
2415 1540 2486 1565 ano

266 1581 326 1612 καὶ
349 1579 481 1612 τοῦτον
505 1578 770 1623 ἐπανορθῶσαι
794 1577 862 1611 τὸν
880 1576 1006 1621 νόμον,
1030 1575 1068 1612 ὃς
1090 1576 1260 1622 βούλεται
1283 1577 1347 1611 τὰς
1412 1577 1600 1612 emendare
1633 1576 1761 1621 legem,
1799 1587 1891 1622 quae
1925 1576 2001 1612 vult
2033 1580 2182 1619 matres,
2221 1577 2305 1612 dum
2339 1586 2485 1612 suorum

267 1626 435 1668 μητέρας,
467 1621 617 1657 ἐπειδὰν
645 1623 723 1656 τῶν
753 1623 897 1657 οἰκείων
928 1620 1074 1657 παίδων
1097 1621 1346 1668 κηδεμονεύειν
1358 1624 1401 1657 30
1413 1622 1566 1658 filiorum
1583 1632 1705 1657 curam
1721 1623 1885 1667 gesturae
1901 1622 1983 1666 sint,
2004 1621 2248 1658 iusiurandum
2265 1621 2383 1658 iurare
2403 1621 2486 1666 quia

266 1666 440 1712 μέλλοιεν,
463 1664 573 1715 ὅρκον
593 1664 748 1712 ὀμνύναι
767 1666 816 1702 ὥς
835 1670 894 1703 ἐπὶ
912 1666 1092 1714 δευτέρους
1115 1666 1177 1702 οὐκ
1201 1665 1346 1714 ἆφίξοντ
1413 1668 1460 1703 ad
1484 1667 1660 1703 secundas
1683 1667 1828 1711 nuptias
1851 1678 1923 1703 non
1946 1667 2105 1703 venient:
2139 1669 2175 1702 et
2197 1666 2330 1703 totiens
2355 1666 2486 1702 scimus

267 1727 328 1748 ται
350 1712 499 1760 γάμους·
532 1716 592 1747 καὶ
616 1709 830 1747 τοσαυτάκις
859 1713 964 1756 ἴσμεν
987 1714 1258 1760 παραβαθέντα
1279 1712 1346 1747 τὸν
1413 1713 1694 1758 praevaricatam
1712 1713 1823 1757 legem
1851 1714 1888 1748 et
1912 1713 2157 1749 iusiurandum
2180 1712 2343 1757 peiurum
2365 1711 2487 1747 datu'm

266 1757 382 1802 νόμον
412 1762 473 1792 καὶ
504 1754 614 1803 ὅρκον
645 1759 813 1802 ἐπίορκον
837 1756 1030 1802 δεδομένον
1061 1757 1185 1793 ὁσάκις
1216 1758 1346 1802 σχεδὸν
1414 1758 1576 1803 quotiens
1608 1767 1720 1803 paene
1754 1757 1876 1793 datum
1908 1761 1979 1801 est,
2014 1762 2055 1793 ut
2085 1761 2271 1803 peccatum
2302 1756 2486 1803 apertissi-

267 1807 327 1837 καὶ
358 1801 521 1845 δέδοται,
557 1800 646 1837 ᾰίςτε
678 1802 871 1848 ἁμάρτημα
901 1806 1130 1848 σαφέστατον
1160 1804 1254 1838 εἶναι
1287 1800 1345 1838 ὅτι
1370 1813 1374 1815 ·
1414 1814 1509 1838 mum
1531 1806 1627 1838 esset
1649 1803 1733 1847 quia
1755 1803 1824 1838 hoc
1842 1803 2024 1839 intulimus
2047 1802 2292 1838 iusiurandum
2314 1802 2360 1839 ad
2381 1811 2486 1848 prae-

266 1849 398 1883 τοῦτον
422 1849 603 1895 έπάγομεν
627 1848 694 1883 τὸν
717 1844 836 1893 ὅρκον,
869 1845 907 1883 ὃς
929 1847 1079 1883 ἐπειδὰν
1103 1847 1199 1896 δοθῇ
1226 1861 1344 1894 παρα-
1359 1852 1401 1885 35
1414 1848 1654 1884 varicandum.
1701 1847 1784 1883 Non
1804 1848 1897 1884 enim
1917 1858 1960 1884 eo
1983 1848 2078 1893 quod
2101 1848 2240 1893 aliquae
2258 1850 2488 1884 servaverunt

266 1893 484 1938 βαθήσεται.
532 1890 573 1927 οὗ
601 1893 670 1939 γὰρ
701 1891 826 1937 ἐπειδή
857 1905 949 1928 τινες
980 1893 1163 1940 ἐφύλαξαν
1193 1894 1260 1929 τὸν
1287 1890 1345 1939 ὅρ-
1414 1894 1670 1936 iusiurandum,
1694 1896 1884 1938 propterea
1907 1895 2049 1947 oportet
2070 1897 2107 1929 et
2129 1903 2190 1929 eas
2214 1902 2307 1937 quae
2328 1892 2486 1928 exhono-

267 1953 343 1980 κον,
375 1937 436 1973 διὰ
461 1940 569 1973 τοῦτο
600 1937 656 1972 δεῖ
677 1941 737 1972 καὶ
760 1938 824 1972 τὰς
847 1935 1088 1983 ἆτιμαζούσας
1120 1937 1230 1974 αὐτὸν
1255 1941 1346 1982 ἔχειν
1414 1943 1497 1974 rant
1532 1948 1612 1974 eum
1652 1938 1784 1974 habere
1819 1948 2042 1974 occasionem
2077 1938 2259 1984 inpietatis
2297 1937 2335 1973 in
2368 1937 2485 1973 deum.

267 1983 452 2039 πρόφασιν
487 1985 551 2027 τῆς
585 1985 632 2018 εἰς
667 1983 761 2037 θεὸν
792 1981 974 2029 ἀσεβείας·
1011 1984 1055 2018 τὸ
1086 1983 1156 2031 γὰρ
1187 1989 1350 2031 σπανίως
1417 1984 1509 2019 Nam
1533 1984 1628 2029 quod
1650 1993 1733 2019 raro
1757 1983 1813 2027 fit,
1845 1983 1939 2019 Sicut
1968 1987 2005 2020 et
2034 1986 2135 2020 vetus
2165 1983 2343 2029 Sapientia
2371 1983 2486 2025 docet,

266 2033 470 2076 γινομενον,
502 2028 605 2062 καθὰ
637 2032 697 2062 καὶ
726 2042 747 2071 η
781 2028 918 2063 παλαιὰ
949 2028 1041 2076 λέγει
1065 2034 1192 2075 σοφία,
1224 2033 1264 2063 ου
1289 2043 1349 2073 τη-

267 2153 375 2189 quam
398 2146 542 2177 nostras
565 2152 688 2177 curam
712 2142 833 2177 subire
856 2140 1078 2184 desiderant,
1104 2145 1256 2187 praeter
1279 2142 1468 2177 consilium
1491 2145 1653 2177 nostrum
1677 2154 1699 2177 α
1723 2141 1937 2189 quibusdam
1967 2152 2042 2177 non
2065 2144 2161 2178 recte
2190 2141 2256 2177 illa
2279 2142 2488 2178 constitutio

268 2188 439 2235 opposita
462 2191 535 2229 est,
560 2198 583 2222 a
611 2187 689 2233 leye
714 2197 808 2233 quae
830 2185 920 2222 llaec
943 2185 1031 2221 dicit
1052 2189 1207 2222 matrum
1225 2197 1408 2233 personas
1431 2187 1554 2233 excipi
1577 2187 1748 2223 volumus.
1798 2187 1959 2223 Primum
1983 2187 2076 2223 enim
2099 2197 2174 2222 rem
2195 2197 2267 2233 pro
2291 2186 2489 2223 minoribus

265 2243 407 2279 semper
438 2231 682 2268 introductam
713 2241 810 2267 nunc
833 2230 1031 2278 prohibe-re
1063 2231 1356 2267 absurdissimum
1387 2232 1652 2274 existimamus,
1685 2232 1813 2269 deinde
1843 2232 1943 2268 haud
1969 2231 2082 2278 facile
2117 2232 2308 2278 quisquam
2339 2231 2489 2268 eundem

267 2278 385 2314 locum
408 2281 444 2313 et
466 2277 575 2313 matri
596 2281 633 2312 et
654 2277 781 2313 ceteris
806 2276 949 2312 tribuat.
999 2275 1106 2311 Illam
1131 2277 1223 2312 enim
1247 2277 1428 2313 naturalis
1450 2288 1553 2313 amor
1608 2278 1664 2313 ius
1692 2289 1782 2324 erqa
1814 2278 1944 2314 liberos
1966 2288 1990 2313 a
2011 2277 2218 2324 suspicione
2242 2277 2391 2313 liberam
2408 2277 2489 2325 ple·

244 2363 248 2368 p
267 2334 418 2370 rumque
440 2322 579 2365 reddit,
609 2322 656 2357 iis
679 2326 798 2358 autem
828 2322 958 2367 quibus
981 2321 1084 2356 nulla
1106 2332 1186 2369 cum
1210 2322 1332 2358 liberis
1355 2323 1548 2358 necessitas
1593 2323 1836 2359 enevolentiae
1867 2322 2057 2359 intercedit
2078 2323 2207 2358 merito
2238 2326 2372 2359 matres
2394 2333 2489 2360 com-

262 2368 456 2415 parandae
480 2379 554 2403 non
575 2371 671 2402 sunt.
720 2366 852 2413 Itaque
873 2367 981 2403 liceat
1010 2367 1185 2402 matribus
1214 2367 1409 2403 secundum
1438 2372 1589 2404 veterem
1620 2367 1902 2404 observationem
1933 2366 2221 2405 renuntiantibus
2250 2371 2287 2405 et
2314 2378 2403 2404 suas
2430 2379 2491 2404 res

268 2413 522 2460 amicantibus,
546 2413 653 2448 sicuti
670 2413 778 2459 prius
801 2412 840 2447 in
863 2422 930 2447 usu
954 2417 1044 2454 erat,
1069 2416 1103 2447 et
1128 2411 1320 2448 liberorum
1345 2412 1697 2460 tutelamtsuseuzere
1720 2424 1836 2460 neque
1851 2412 2027 2449 eiusmodi
2049 2412 2298 2460 exceptionem
2321 2417 2490 2457 metuere,

267 2458 331 2494 sed
354 2463 527 2505 quantum
552 2457 602 2492 ad
624 2457 706 2492 illas
729 2457 782 2493 ita
805 2468 864 2493 res
885 2457 950 2499 sit,
985 2463 1167 2503 tamquam
1190 2458 1224 2493 si
1246 2457 1348 2493 nulla
1371 2458 1496 2504 utique
1519 2458 1581 2494 lex
1605 2469 1648 2494 ea
1679 2458 1723 2494 de
1744 2470 1786 2495 rc
1807 2458 1947 2505 scripta
1967 2458 2110 2503 fuisset.
2157 2457 2388 2505 Quapropter
2417 2458 2491 2495 sive

268 2504 370 2539 dotes
400 2504 474 2539 sive
505 2503 718 2538 donationes
746 2507 830 2537 ante
863 2503 1012 2548 nuptias
1042 2503 1215 2548 exiqunt,
1249 2503 1323 2538 sive
1347 2514 1442 2550 quae
1473 2502 1547 2538 alia
1578 2503 1705 2540 debent
1735 2504 1809 2540 sive
1840 2508 1974 2539 matres
2003 2502 2202 2539 minoribus
2231 2502 2305 2540 sive
2333 2502 2491 2540 minores

268 2548 454 2590 matribus,
486 2559 536 2583 eae
559 2548 730 2594 paternis
758 2547 862 2593 forte
892 2547 949 2582 vel
976 2548 1083 2583 etiam
1106 2559 1156 2583 ex
1175 2548 1341 2594 propriis
1363 2548 1483 2584 causis
1505 2549 1631 2590 (multa
1655 2553 1774 2585 autem
1797 2549 1955 2585 inveniat
1976 2548 2008 2583 si
2030 2548 2112 2595 quis
2133 2559 2208 2584 rem
2232 2547 2435 2585 consideret
2455 2552 2491 2585 et

269 2593 558 2639 circumspiciat),
589 2592 678 2628 haec
701 2593 881 2639 utrimque
904 2593 978 2640 inte
1005 2603 1047 2626 ra
1071 2593 1145 2627 sint
1166 2595 1204 2629 et
1226 2593 1421 2629 secundum
1447 2594 1593 2640 priores
1616 2594 1889 2630 constitutiones
1912 2593 2115 2630 iudicentur
2146 2597 2256 2640 atque
2279 2597 2490 2637 tractentur,

268 2638 341 2674 sive
365 2638 397 2673 le
424 2638 605 2673 itimorum
628 2637 702 2673 sive
725 2637 946 2673 naturalium
984 2638 1163 2673 iberorum
1188 2643 1304 2673 mater
1328 2638 1474 2674 tutelam
1497 2639 1601 2685 qerit.

439 2709 447 2718 .
494 2682 673 2725 Quoniam
697 2686 815 2718 autem
839 2682 1031 2717 admodum
1055 2693 1228 2725 veremur,
1259 2694 1304 2718 ne
1328 2688 1458 2719 temere
1481 2683 1721 2719 iuraiuranda
1746 2695 1818 2730 per
1840 2694 2009 2729 maenum
2039 2682 2143 2719 deum
2173 2686 2408 2731 praestentur
2431 2695 2488 2720 ea-

268 2739 338 2775 que
362 2728 551 2770 violentur,
582 2731 780 2778 propterea
803 2728 910 2762 etiam
933 2726 1027 2763 hanc
1052 2727 1163 2773 leqem
1186 2728 1440 2774 corriqendam
1456 2729 1688 2775 putavimus,
1720 2739 1815 2775 quae
1833 2732 1989 2773 matres,
2019 2739 2099 2764 cum
2124 2728 2316 2765 liberorum
2343 2739 2491 2765 suorum

268 2784 392 2809 curam
408 2776 643 2818 suscepturae
658 2777 744 2814 sint,
770 2771 1021 2807 iusiurandum
1043 2775 1234 2818 praestare
1257 2774 1331 2808 vult
1350 2774 1399 2808 ad
1414 2773 1590 2809 secundas
1612 2785 1651 2809 se
1667 2774 1817 2820 nuptias
1840 2785 1914 2810 non
1937 2784 2014 2810 esse
2038 2773 2276 2810 transituras:
2297 2785 2343 2810 ac
2360 2774 2492 2810 scirnus

270 2818 375 2854 toties
398 2818 510 2864 leqem
535 2816 706 2853 violatam
725 2827 801 2852 esse
821 2821 856 2853 et
874 2816 1126 2852 iusiurandum
1149 2817 1287 2862 falsum
1312 2817 1449 2860 datum,
1473 2819 1615 2864 quoties
1635 2818 1718 2863 fere
1740 2818 1864 2855 datum
1885 2821 1961 2860 est;
1983 2822 2024 2854 ut
2045 2817 2376 2864 manifestissimum
2398 2823 2492 2855 esset

267 2866 466 2910 peccatum,
487 2862 597 2914 >quod
622 2861 687 2897 lzoc
710 2861 962 2896 iusiurandum
983 2862 1179 2907 exiqimus,
1211 2862 1311 2907 quod
1332 2863 1443 2898 simul
1470 2867 1579 2909 atque
1606 2863 1819 2914 praestitum
1843 2867 1898 2899 est
1928 2863 2092 2899 violetur.
2139 2862 2266 2909 Neque
2288 2863 2381 2899 enim
2404 2865 2491 2910 quia

268 2907 466 2944 nonnullae
496 2906 748 2942 iusiurandum
778 2911 989 2949 servarunt,
1015 2911 1218 2952 propterea
1247 2908 1354 2943 etiam
1385 2919 1447 2944 eas
1478 2919 1572 2953 quae
1600 2907 1639 2942 td
1661 2912 1892 2944 contemnunt
1923 2908 2147 2944 occasionem
2175 2907 2371 2954 impietatis
2401 2919 2491 2956 erqa

268 2953 372 2990 deum
397 2952 528 2988 habere
552 2957 716 2998 oportet;
752 2963 835 2986 nam
859 2951 960 2997 quod
982 2962 1069 2986 raro
1093 2952 1282 2997 contingit,
1306 2954 1399 2988 sicut
1421 2954 1529 2989 etiam
1553 2953 1705 2999 antiqua
1735 2953 1824 2988 dicit
1846 2952 2047 2999 sapientia,
2077 2963 2152 2988 non
2174 2952 2365 2989 observant
2387 2953 2492 3001 leqis·

327 3070 343 3102 1
369 3064 540 3101 ἐπελθεῖν
565 3067 596 3099 L
619 3066 631 3108 u
657 3067 676 3099 3
700 3064 764 3098 τοῦ
788 3063 918 3104 ταῦτα]
942 3064 1006 3097 τοῦ
1032 3077 1090 3097 om.
1104 3064 1135 3097 L
1160 3063 1173 3107 ΙΙ
1200 3067 1219 3097 7
1246 3064 1347 3098 θεῖτο
1380 3071 1383 3116 j
1415 3067 1525 3098 turam
1548 3066 1581 3099 R
1598 3064 1611 3110 ss
1637 3067 1656 3099 3
1680 3065 1785 3107 legem
1806 3066 1876 3099 ΒΤ
1893 3065 1905 3109 ΙΙ
1930 3066 2094 3099 dicentem
2118 3065 2223 3099 RVT
2240 3064 2253 3109 ΙΙ
2276 3066 2297 3099 6
2321 3066 2490 3100 estimoni-

269 3114 445 3155 Scrimqer‚
469 3113 554 3154 vuly.
574 3113 585 3153 ΙΙ
601 3109 717 3150 τάξιν]
743 3109 1015 3142 constitutionem
1040 3121 1059 3145 ς
1076 3109 1088 3152 ΙΙ
1107 3111 1145 3143 11
1172 3106 1213 3141 οὗ
1234 3122 1347 3153 παρα-
1380 3118 1381 3122 ’
1416 3120 1487 3143 mus
1506 3111 1538 3143 T
1550 3109 1563 3153 ΙΙ
1580 3110 1709 3153 *ponet
1726 3112 1861 3152 inserui,
1885 3110 2010 3143 obiciat
2027 3118 2102 3154 post
2118 3110 2389 3144 constitutionem
2410 3111 2488 3146 aad.

267 3156 402 3202 βλητέα
425 3154 471 3190 τὰ
494 3156 571 3190 τῶν
593 3157 760 3199 μητέρων
784 3155 873 3195 ἐστὶ]
901 3165 969 3186 non
994 3158 1041 3186 est
1065 3153 1229 3187 matribus
1254 3155 1345 3187 dero·
1379 3132 1382 3202 1
1415 3156 1500 3199 vuly.
1529 3154 1541 3198 ΙΙ
1573 3157 1590 3188 7
1615 3157 1702 3196 cum]
1735 3155 1833 3187 eum?
1859 3155 1907 3188 Τι
1936 3155 1949 3199 ΙΙ
1977 3155 2037 3188 illa
2061 3156 2184 3189 RVT²
2214 3154 2227 3197 11
2255 3157 2274 3190 8
2299 3155 2392 3199 prius
2427 3155 2459 3190 V
2486 3155 2491 3196 Ι

267 3204 412 3246 gendum
437 3214 457 3238 ς
478 3200 491 3246 ΙΙ
520 3204 559 3236 16
585 3196 703 3233 αὐτοῖς
729 3200 773 3232 Μ
790 3199 802 3244 ΙΙ
830 3202 871 3232 19
897 3195 1072 3232 ἇποτοῦσι
1095 3200 1141 3232 L¹
1165 3199 1177 3242 ΙΙ
1206 3201 1248 3233 26
1272 3200 1347 3240 τοῦ]
1417 3202 1458 3234 16
1474 3199 1545 3232 siue
1566 3199 1667 3232 scribi
1687 3201 1778 3232 dotes
1800 3200 1852 3233 Ta
1868 3200 1881 3243 ΙΙ
1899 3202 2037 3242 exigunt
2061 3201 2161 3244 vala]
2187 3201 2368 3243 exiguntur
2389 3201 2467 3235 libri

267 3245 373 3282 τοῦδε
398 3248 445 3282 12¹
465 3247 477 3290 ΙΙ
497 3249 702 3290 προχείρους
727 3245 756 3277 L
774 3243 787 3287 ΙΙ
811 3246 853 3278 29
877 3242 1001 3287 νόμον]
1031 3245 1108 3278 Cod.
1135 3246 1166 3286 5,
1186 3251 1233 3286 35,
1251 3252 1266 3277 2
1291 3246 1347 3287 (cs.
1418 3247 1456 3279 17
1480 3244 1551 3277 siue
1568 3244 1656 3277 enim
1680 3244 1747 3277 alia
1771 3245 1823 3278 Ra
1839 3245 1852 3288 ΙΙ
1870 3244 2011 3278 babeant
2036 3245 2167 3290 Rvulq.
2184 3245 2197 3290 ΙΙ
2220 3246 2258 3281 18
2276 3245 2419 3280 minores
2434 3245 2475 3280 ad

269 3296 300 3336 6,
315 3302 362 3332 56,
376 3301 409 3331 ὃς
435 3305 506 3326 nov.
520 3291 644 3325 XXII
663 3303 689 3324 c.
705 3291 760 3331 40)
778 3290 791 3332 ΙΙ
809 3290 850 3324 33
873 3289 1042 3334 ἐπίορκον
1057 3288 1250 3322 Haloander
1263 3302 1301 3322 ex
1316 3291 1347 3330 ς]
1380 3306 1381 3321 ι
1413 3288 1455 3322 ad
1471 3289 1612 3322 maiores
1627 3290 1668 3322 ad
1691 3290 1738 3323 V¹
1754 3291 1766 3332 ΙΙ
1786 3291 1827 3323 20
1844 3290 2040 3323 adiuueniat
2054 3291 2139 3324 R¹T
2150 3292 2162 3332 ΙΙ
2180 3291 2261 3324 haec
2277 3291 2407 3334 integra
2421 3290 2491 3324 sint

269 3340 329 3373 ἐπὶ
352 3334 463 3383 ὅρκον
486 3337 517 3370 L
548 3338 608 3370 ἐπι
630 3330 728 3380 ὅρκω
756 3335 796 3367 Μ
809 3334 823 3378 ΙΙ
847 3330 1041 3376 διδόμενον
1063 3345 1130 3366 cum
1151 3334 1346 3366 Haloandro
1379 3324 1382 3376 Ξ
1416 3335 1446 3367 R
1463 3334 1475 3376 ΙΙ
1493 3335 1533 3368 21
1559 3334 1720 3376 *utrique
1745 3334 1822 3369 libri
1837 3335 1849 3376 ΙΙ
1873 3337 1915 3370 28
1940 3337 2104 3369 credimus
2130 3337 2160 3369 R
2179 3335 2193 3379 11
2220 3337 2262 3370 29
2285 3338 2406 3369 matres
2428 3347 2488 3370 om.

267 3386 354 3424 vnlq.
374 3384 387 3419 ΙΙ
411 3385 454 3417 34
477 3384 699 3427 σαφέστερον
728 3381 755 3413 L
773 3380 785 3422 ΙΙ
809 3382 851 3414 35
874 3374 913 3412 ὃς
936 3375 1085 3411 ἐπειδὰν
1110 3375 1206 3423 δοθῇ
1231 3390 1345 3422 παρα·
1378 3388 1381 3426 g
1416 3379 1459 3411 13¹
1479 3378 1492 3422 ΙΙ
1510 3380 1552 3413 30
1576 3380 1643 3412 sint
1664 3381 1707 3420 V]
1732 3382 1811 3413 sunt
1825 3380 1983 3425 RTvulq.
2004 3380 2016 3423 ΙΙ
2040 3382 2119 3423 quia
2133 3381 2229 3422 RT³1
2254 3380 2313 3423 qui
2329 3380 2378 3414 T¹
2400 3379 2489 3423 quod

267 3422 488 3472 βαθήσεται]
513 3428 554 3460 nd
575 3425 869 3470 praevaricandum
894 3435 913 3460 ς
929 3424 942 3467 ΙΙ
967 3425 1008 3457 37
1027 3420 1082 3456 δεῖ
1104 3437 1161 3456 orn.
1178 3424 1208 3457 L
1225 3426 1236 3465 ΙΙ
1256 3426 1298 3457 39
1323 3420 1344 3466 ἡ
1422 3424 1546 3467 Vvuly.
1565 3424 1577 3468 ΙΙ
1603 3427 1641 3459 31
1670 3435 1737 3457 non
1762 3437 1820 3458 om.
1838 3426 1870 3458 Τ
1877 3425 1887 3446 ¹
1906 3425 1918 3470 ΙΙ
1941 3427 2084 3459 ueniunt
2109 3426 2142 3459 T
2159 3427 2171 3469 ΙΙ
2199 3427 2242 3460 32
2266 3428 2299 3458 et
2323 3426 2488 3459 iusiuran-

269 3473 406 3508 παλαιὰ
435 3472 526 3519 λέγει
550 3474 672 3517 σοφία]
704 3471 942 3514 Theophrastus
966 3470 1019 3502 cit.
1044 3480 1066 3502 a
1087 3468 1192 3502 Paulo
1214 3469 1295 3512 Diq.
1317 3470 1345 3510 1,
1412 3468 1489 3501 dum
1513 3487 1557 3494 -
1582 3471 1624 3503 35
1649 3472 1868 3503 seruauerunt
1890 3484 1951 3504 scr.
1975 3470 2023 3504 V2
2046 3473 2078 3504 in
2104 3483 2170 3504 ras.
2184 3471 2204 3504 3
2221 3483 2268 3504 vv.
2289 3471 2301 3509 ΙΙ
2323 3469 2487 3514 peiurum]

268 3528 295 3561 3,
310 3529 325 3553 c
350 3521 406 3563 (cf.
431 3521 472 3552 ib.
498 3521 527 3560 3)
1411 3513 1557 3555 peierum
1581 3515 1635 3556 (al.
1657 3516 1837 3558 peieratum
1863 3517 1894 3549 in
1913 3519 2027 3560 marq.)
2052 3516 2085 3549 R
2113 3515 2263 3558 peiorum
2284 3516 2315 3548 V
2336 3515 2389 3554 (al.
2412 3525 2486 3558 per-

1411 3558 1499 3591 iurio
1518 3559 1565 3591 V³
1578 3562 1657 3600 s.v.)
1682 3561 1852 3603 periurum
1869 3562 1991 3603 Tvulq.
2005 3560 2016 3605 ΙΙ
2032 3561 2176 3594 dandum
2194 3561 2241 3594 T·
2258 3560 2271 3603 ΙΙ
2289 3561 2331 3594 35
2345 3571 2383 3593 eo
2399 3557 2487 3602 quod

895 3649 903 3656 ι
1410 3604 1553 3656 aliquae]
1577 3605 1713 3647 aliquod
1735 3616 1772 3639 eo
1790 3607 1878 3648 quod
1900 3607 1931 3642 T
1950 3598 1966 3656 ΙῘ
1988 3601 2030 3640 36
2050 3606 2253 3646 exhonorant
2268 3604 2318 3638 13²
2334 3604 2347 3650 ΙΙ
2371 3605 2411 3639 37
2431 3613 2486 3641 ⁰0-

336 3655 348 3690 l
382 3651 505 3692 subire]
539 3653 572 3684 et
594 3650 705 3683 subire
735 3651 787 3683 V⁰
811 3650 824 3694 ΙΙ
851 3649 980 3682 abiecta
1003 3648 1036 3681 R
1061 3647 1074 3691 fl
1102 3649 1259 3688 nostram]
1284 3658 1342 3681 na·
1410 3659 1555 3683 canones
1577 3651 1610 3683 lt
