2592 3840
201 81 307 124 Nor.
339 82 442 124 XIII
473 96 533 136 pr.
570 83 585 122 1

202 191 351 234 στοὺσης
369 191 436 235 τὴν
456 190 562 226 πόλιν
582 188 717 233 ταύτην
736 193 814 232 ἔσχε
833 187 900 231 τὴν
921 191 1173 241 προεηγορίαν,’
1189 183 1272 220 ἀλλ’

205 235 292 271 αὐτὸ
323 235 367 279 δὴ
396 239 502 270 τοῦτο
526 239 584 269 καὶ
607 235 673 278 τὴν
697 233 910 279 πολιαρχίαν
937 234 1078 277 ορῶμεν
1101 244 1275 278 πραττου-

205 294 285 323 σαν,
318 278 404 316 (ὕειε
436 280 539 315 οὐδὲν
570 274 614 323 ἦν
643 279 685 314 τὸ
715 278 852 313 κωλῦον
876 276 918 312 τό
948 291 986 329 γι·
1011 279 1071 311 ἐπὶ
1093 278 1144 331 τῇ
1173 287 1277 330 προε-

205 331 330 371 ηγορίᾳ
350 324 461 374 ταί-τῃ
477 329 536 360 καὶ
558 325 621 367 τὴν
638 322 747 369 ἀρχὴν
768 326 906 366 ἐκείνην
925 335 1042 365 τουτῳ
1056 335 1110 365 τῳ
1127 333 1279 374 ονοματι

207 371 336 405 κηλεῖν.
385 372 414 404 εἰ
446 371 486 404 δὲ
508 369 704 416 διηρῆσθαι
733 367 793 403 τὰς
820 366 924 413 ἀρχὰς
955 367 1093 400 οἴονται
1123 369 1183 399 καὶ
1212 378 1279 400 τον

206 419 271 459 μὲν
296 415 532 456 ἐνδοξότατον
546 407 711 458 Ιἔπαρχον
734 415 792 456 τῆς
818 411 1024 456 εὐδαίμονος
1054 410 1185 453 ταύτης
1214 408 1279 445 πό-

209 461 294 494 λεως
317 462 408 495 εἶναι
435 462 495 514 τῆς
524 457 651 504 ἡμέρας
680 458 852 503 ἄρχοντα,
887 457 967 490 τοὺς
998 454 1038 489 δὲ
1065 454 1191 490 ἄλλους
1219 457 1280 499 τῆς

209 504 347 546 motuis,
386 504 523 550 σφόὸρα
556 506 632 538 τῶν
669 504 818 537 εἰκότων
852 499 1177 554 ἀπεπλανήθησαν,
1212 499 1281 543 τὴν

208 549 391 596 ὀρθότητα
427 552 503 583 τῶν
534 547 722 602 ᾇτόμάτων
750 547 824 599 οὐκι
842 547 943 591 ἴσμεν
974 544 1037 588 [δὲ]
1070 544 1170 580 ὅπως
1205 543 1281 579 δια·

1274 72 1348 119 100

2041 86 2102 117 nn
2124 67 2427 120 PRAETORiBus

1345 185 1659 221 circumlustrante
1703 184 1880 219 civitatem
1922 183 2018 219 hanc
2056 183 2182 220 habuit
2217 185 2426 231 appellatio·

1345 241 1443 274 nem,
1480 230 1542 265 sed
1574 230 1643 265 hoc
1674 229 1791 274 ipsum
1821 230 1858 263 et
1887 227 2039 264 civitatis
2063 229 2244 274 cingulum
2266 230 2424 267 videmus

1346 280 1526 320 agentem:
1549 278 1728 320 quatenus
1749 272 1837 308 nihil
1861 277 1956 308 esset
1975 273 2070 318 quod
2088 274 2294 319 prohiberet
2315 286 2424 322 super

1347 320 1624 365 appellationem
1648 319 1754 354 istam
1783 318 1890 353 etiam
1913 317 2121 362 dignitatem
2145 319 2242 355 illam
2266 320 2337 357 isto
2361 332 2425 357 no-

1315 370 1333 400 5
1348 366 1441 400 mine
1465 365 1625 400 vocitari.
1673 364 1711 398 Si
1734 363 1827 398 enim
1851 362 1960 398 dividi
1982 363 2172 408 dignitates
2196 369 2367 410 possunt,
2390 368 2428 402 et

1348 410 1539 453 gloriosum
1562 409 1702 489 guidem
1723 407 1944 461 praefectum
1967 408 2192 445 felicissimae
2215 410 2322 446 huius
2342 411 2424 446 civi-

1350 455 1434 490 tatis
1458 465 1537 490 esse
1585 454 1727 489 iurnum
1748 452 1920 495 iudicem,
1951 453 2042 489 alios
2065 459 2184 490 autem
2207 455 2339 498 noctis,
2368 465 2426 492 ve-

1350 500 1533 535 hementer
1558 498 1831 543 competentium
1851 501 2072 540 erraverunt,
2096 499 2343 536 rectitudinem
2362 510 2426 537 no·

1351 545 1484 580 minum
1504 545 1683 579 nescimus
1704 542 1996 596 quemadmodum
2017 547 2298 589 corrumpentes.
2333 545 2427 582 Hinc

210 596 433 640 φθείραντες.
481 607 595 640 ταυτῃ
618 606 674 626 τοι
697 595 755 626 καὶ
786 606 853 644 τήν
885 595 1121 643 προςηχορίαν
1143 588 1282 643 ταύτην
1298 593 1338 625 10
1352 593 1388 625 et
1411 589 1689 635 appellationem
1711 591 1818 624 Istam
1841 588 2049 624 nebulosam
2073 589 2280 626 existentem
2304 592 2341 627 et
2362 590 2425 627 ob-

211 638 355 685 ζοφώὸη
386 654 425 673 τι·
455 633 566 673 offam*
591 641 651 671 καὶ
677 650 862 687 σκοτεινήν
891 638 950 669 καὶ
976 647 1037 678 της
1067 647 1192 669 νυκτος
1220 637 1280 669 ἐπ-

211 683 354 728 ώνυμον
372 682 514 718 εἰκότως
531 680 792 728 ἀποφεύγουσιν
810 679 966 716 ἅπαντες
983 683 1043 714 καὶ
1062 679 1194 723 ποινὴν
1215 679 1282 723 τὴν

209 734 429 773 χειροτονίαν
452 726 619 774 ἡγοῦνται
644 731 702 760 καὶ
726 724 808 760 οὐδὲ
830 724 1032 770 βασιλικῶν
1056 721 1163 766 ἀξίαν
1192 737 1277 769 συμ-

210 774 331 818 βόλων
353 774 444 808 εἶναι
469 775 681 817 νομίζουσιν.

1352 646 1490 670 scuram
1516 637 1552 669 et
1575 633 1692 668 noctis
1715 643 1931 678 praenomen
1954 633 2119 670 fortassis
2150 635 2331 680 refugiunt
2353 646 2426 672 om-

1351 690 1415 715 nes
1440 682 1476 714 et
1494 689 1644 724 poenam
1666 688 1745 714 esse
1765 678 1858 713 hanc
1878 678 2218 716 administrationem
2237 679 2429 716 aestimant

1348 730 1383 805 ‘tit
1414 734 1527 804 peque
1558 723 1794 769 imperialium
1820 723 1964 770 dignam
1989 723 2231 762 codicillorum
2253 735 2333 762 esse
2356 736 2424 773 pu-

1367 781 1413 805 an
1433 797 1439 804 .

1214 860 1370 895 CAPUT
1395 860 1423 895 I.

256 926 286 966 Κ
316 931 428 975 Ἡμεῖς
451 923 515 963 υἷϊ-’ν
530 929 575 981 Ιτὸ
597 931 742 981 πρᾶγμα
760 926 807 963 ὠς
825 926 1198 984 ἑχρῆνθεωρήραντες
1217 925 1284 971 1237}-
1303 931 1339 962 15
1398 927 1472 963 Nos
1497 938 1581 972 ergo
1605 938 1680 963 rem
1704 927 1879 973 quomodo
1903 931 2046 973 oportet
2070 928 2296 974 aspicientes,
2318 929 2427 967 aesti-

213 979 331 1021 θημεν
353 977 478 1020 χρῆναι
500 988 566 1017 την
589 971 699 1020 ἆρχην
731 972 776 1016 δὴ
806 987 942 1016 ταυτην
973 974 1011 1014 ἐξ
1043 975 1150 1017 αυτῆς
1179 970 1283 1020 ἄρξα-

211 1026 321 1066 μένην
351 1024 410 1063 τῆς
434 1023 662 1066 προςήγορίας
693 1019 739 1052 εἰς
765 1018 808 1052 τὸ
840 1021 914 1052 πᾶν
944 1015 1125 1065 ἆνεγεῖραί
1153 1031 1193 1052 τε
1225 1021 1284 1052 καὶ

211 1067 484 1108 κατακοσμῆσαι.
526 1068 584 1097 καὶ
608 1067 852 1110 νυκτέπαρχον
874 1066 940 1106 μὲν
963 1063 1100 1108 μηδένα
1124 1065 1188 1097 τοῦ
1214 1062 1282 1097 λοι-

212 1113 280 1146 ποῦ
304 1110 489 1145 παντελῶς
507 1108 716 1142 καλεῖσθαν
743 1107 1018 1162 ἐπιμελήσονται
1037 1107 1105 1156 γὰρ
1129 1111 1188 1142 καὶ
1205 1109 1284 1143 τῶν

1354 972 1522 1008 mavimus
1547 974 1713 1017 oportere
1736 972 1942 1017 dignitatem
1973 973 2068 1008 hanc
2095 983 2119 1008 a
2141 973 2316 1019 principio
2339 974 2426 1011 inci-

1353 1018 1506 1062 pientem
1531 1018 1770 1062 appellatione
1793 1019 1830 1053 in
1852 1020 1967 1054 totum
1991 1018 2126 1063 erigere
2145 1022 2182 1053 et
2205 1029 2344 1055 ornare.
2379 1020 2430 1056 Et

1354 1064 1633 1108 nycteparchum
1664 1063 1868 1098 nullatenus
1903 1062 1948 1098 de
1983 1066 2102 1099 cetero
2136 1063 2273 1099 vocari:
2308 1074 2428 1100 curam

1352 1108 1443 1142 enim
1475 1108 1658 1143 habebunt
1687 1118 1829 1151 eorum,
1861 1118 1953 1154 quae
1984 1112 2021 1144 et
2048 1110 2087 1144 iu
2110 1108 2168 1144 die
2197 1113 2233 1145 et
2262 1109 2301 1146 in
2323 1113 2429 1146 nocte

211 1160 250 1190 ἐν
274 1153 382 1200 ἡμέρᾳ
406 1157 464 1188 καὶ
488 1156 564 1188 τῶν
587 1156 626 1187 ἐν
647 1157 748 1187 νυκτὶ
775 1167 872 1206 παρα
902 1167 944 1187 το
975 1165 1149 1207 προςηκον
1172 1166 1282 1199 πρατ-
1297 1155 1339 1186 20
1351 1155 1495 1197 praeter
1519 1153 1613 1198 quod
1637 1157 1840 1199 competens
1860 1157 1916 1189 est
1938 1157 2103 1198 aguntur.

211 1204 230 1237 1
276 1204 447 1244 τομένων.
525 1196 669 1241 Ἐπειδὴ
688 1197 728 1232 δὲ
750 1210 830 1232 τους
850 1196 960 1232 πάλαι
995 1202 1174 1251 Ρωμαίους
1197 1197 1281 1244 σφό-

212 1245 278 1292 δρα
309 1244 351 1279 τὸ
373 1245 437 1279 τοῦ
465 1247 669 1290 πραίτωρος
692 1242 817 1289 ἤρεσεν
839 1242 902 1278 ὅνο
932 1258 972 1286 α,
1001 1242 1060 1278 δια
1083 1245 1191 1278 τοῦτο
1215 1242 1282 1287 [537¹]-

213 1294 331 1333 θημεν
367 1287 492 1323 αὐτοὺς
526 1292 710 1333 praetoras
744 1288 857 1333 plebis
912 1292 965 1323 εῖν
991 1287 1168 1333 ὀνομάσαι
1202 1288 1284 1323 τοὺς

212 1338 271 1370 ἐπὶ
297 1336 339 1377 τῆ
371 1333 508 1380 φυλακῇ
532 1347 571 1367 τε
599 1337 658 1368 καὶ
690 1331 835 1376 εὐταξίᾳ
865 1337 1100 1381 τεταγμένους
1130 1337 1188 1367 καὶ
1217 1333 1283 1377 τὴν

1350 1201 1371 1234 1
1417 1199 1530 1242 Igitur
1550 1198 1715 1251 quoniam
1733 1198 1890 1244 antiquis
1903 1198 2074 1235 Romanis
2091 1198 2316 1235 vehementer
2326 1209 2428 1245 prae·

1351 1244 1441 1278 toris
1453 1245 1589 1288 placuit
1600 1254 1739 1286 nomen,
1759 1248 1950 1289 propterea
1971 1243 2232 1280 aestimavimus
2250 1254 2311 1279 eos
2324 1254 2430 1289 prae-

1352 1293 1448 1324 tores
1471 1289 1586 1334 plebis
1611 1292 1777 1334 oportere
1798 1289 1992 1332 nominare,
2017 1290 2077 1334 qui
2101 1289 2147 1324 ad
2170 1288 2368 1325 custodiam
2391 1291 2429 1325 et

1352 1334 1574 1378 disciplinam
1594 1334 1780 1370 constituti
1799 1337 1885 1369 sunt
1909 1337 1946 1370 et
1971 1334 2146 1380 plebeiam
2165 1337 2316 1379 possunt
2331 1344 2427 1370 com·

212 1369 358 1424 ὃημωδη
377 1380 559 1413 καθισταν
584 1379 768 1421 ἰσχύοντας
789 1376 953 1419 ἀταξίαν.
987 1383 1045 1413 καὶ
1071 1377 1186 1434 ὥςπερ
1211 1382 1282 1413 ἕτε-
1296 1382 1337 1413 25
1350 1389 1498 1424 pescere
1522 1379 1744 1415 seditionem.
1787 1379 1839 1414 Et
1861 1379 1954 1415 sicut
1973 1379 2032 1415 alii
2053 1382 2237 1425 praetores
2260 1381 2347 1415 sunt
2364 1389 2428 1415 cu·

213 1439 267 1472 ροι
302 1429 483 1470 praetores
515 1424 605 1457 εἰσὶν
636 1426 675 1457 ἐν
703 1425 748 1471 τῇ
780 1421 963 1470 συγκλήτῳ
998 1423 1109 1472 βουλῇ
1142 1437 1175 1458 οι
1206 1426 1283 1458 τῶν

214 1470 430 1515 έλευθεριῶν
461 1472 521 1502 καὶ
551 1470 627 1502 τῶν
658 1470 867 1514 ἐπιτροπῶν
902 1472 961 1502 καὶ
978 1471 1074 1512 ντῶν
1109 1468 1285 1503 τοιούτων

214 1512 499 1561 προκαθήμενοι,
530 1510 641 1548 οὕτως
668 1516 836 1547 ἔστωσαν
863 1517 922 1548 καὶ
953 1513 1052 1549 οὗτοι
1085 1519 1286 1560 πραίτωρες

213 1562 272 1603 τῆς
296 1563 356 1594 ἐπὶ
380 1560 456 1593 τῶν
481 1557 604 1602 δήμων
631 1555 849 1605 ὀρθότητος,
882 1563 941 1593 καὶ
973 1563 1018 1606 τῇ
1042 1561 1109 1604 μὲν
1132 1556 1286 1605 ἡμετέρᾳ

1351 1424 1426 1459 riae
1458 1429 1601 1460 senatus
1630 1428 1693 1460 aut
1721 1425 1926 1460 libertatum
1955 1428 2020 1460 aut
2047 1427 2207 1460 tutorum
2238 1426 2275 1459 et
2294 1424 2426 1460 talibus

1354 1470 1577 1514 praesident,
1607 1470 1660 1505 ita
1689 1469 1761 1506 sint
1789 1473 1826 1505 et
1855 1469 1917 1505 isti
1939 1472 2122 1515 praetores
2146 1479 2255 1515 super
2276 1469 2427 1514 populo·

1355 1525 1433 1549 rum
1453 1515 1722 1551 rectitudinem:
1756 1517 1793 1550 et
1814 1517 1940 1550 nostra
1972 1514 2113 1559 quidem
2136 1523 2224 1550 voce
2245 1518 2429 1560 praetores

1354 1560 1468 1604 plebis
1504 1560 1747 1606 appellentur,
1788 1570 1918 1605 graeca
1952 1569 2034 1595 vero
2077 1560 2148 1595 ista
2181 1562 2218 1594 et
2252 1560 2429 1597 communi

215 1607 318 1652 φωνῇ
339 1607 519 1659 praetores
543 1603 655 1647 plebis
676 1606 1079 1651 προςαγορευέσθωσαν,
1103 1606 1148 1648 τῆ
1174 1603 1213 1638 δὲ
1232 1604 1284 1639 ἑλ-
1300 1608 1341 1638 30
1354 1604 1476 1649 lingua
1511 1607 1695 1650 praetores
1730 1606 1952 1650 populorum.
2002 1604 2183 1641 Praetor1s
2217 1603 2311 1640 enim
2341 1615 2429 1650 qua·

216 1648 295 1684 λαὸι
314 1663 427 1695 ταυτῃ
451 1651 510 1682 καὶ
540 1650 641 1695 κοινῇ
673 1652 872 1693 πραίτωρες
905 1647 1038 1694 δήμων.
1092 1641 1136 1684 Tii
1159 1648 1199 1683 δὲ
1222 1651 1285 1684 τοῦ

216 1699 417 1741 πραίτωρος
445 1690 544 1727 ὅπως
567 1695 642 1744 ἐστὶ
669 1692 812 1737 σεμνόν,
843 1691 942 1728 ὅπως
972 1693 1013 1729 οὗ
1041 1694 1165 1741 πόρρω
1193 1696 1284 1729 καθ-

215 1743 360 1782 έστηκεν
382 1736 562 1780 ὑπατείας,
585 1735 684 1772 ὅπως
700 1736 875 1785 ἐγγύτατα
894 1741 959 1774 τοῦ
976 1739 1086 1783 νόμου
1103 1743 1283 1781 τέτακται,

215 1783 383 1827 δηλοῦσιν
406 1783 440 1817 οἱ
462 1782 575 1827 νόμοι,
599 1784 643 1829 τῇ
660 1796 699 1817 τε
719 1782 874 1837 paureio}
898 1784 1183 1837 παραζεύξαντες
1204 1784 1285 1819 τοὺς

1354 1650 1436 1685 liter
1466 1654 1522 1686 est
1552 1651 1740 1686 honestum
1764 1661 1911 1692 nomen,
1943 1650 2095 1696 qualiter
2119 1660 2192 1686 non
2214 1650 2275 1686 lon

1355 1695 1518 1731 stitutum
1541 1706 1563 1731 a
1589 1696 1787 1738 consulatu,
1812 1696 1964 1741 qualiter
1987 1695 2140 1731 vicinum
2163 1694 2234 1740 legi

1353 1741 1586 1776 manifestant
1609 1742 1703 1785 leges
1727 1741 1931 1776 consulatui
1956 1740 2212 1784 coniungentes

1353 1786 1550 1821 secundum
1574 1786 1626 1821 eis
1652 1797 1732 1822 cum
1755 1786 1831 1831 lege
1864 1786 1989 1821 dantes
2020 1785 2190 1821 ordinem.

2343 1660 2429 1686 con-

2321 1702 2428 1738 ctum,

2259 1742 2428 1783 ractores,

2271 1789 2287 1819 t
2309 1795 2428 1830 quem-

216 1833 422 1874 πραίτωρας
444 1827 613 1881 δευτέρειν
636 1841 675 1861 τε
692 1832 809 1863 αυτοῖς
829 1843 921 1873 μετα
939 1843 1004 1883 τρΙν
1028 1829 1139 1874 νόμον
1162 1828 1285 1865 δόντες
1297 1834 1338 1865 35
1353 1831 1543 1866 admodum
1576 1831 1792 1876 antiquitus·
1807 1831 1974 1867 consules
2003 1831 2167 1872 fuerunt,
2199 1829 2261 1875 qui
2281 1839 2429 1874 magnae

215 1874 281 1917 τὴν
309 1873 421 1915 τάξιν.
468 1875 528 1907 καὶ
553 1884 668 1920 ωςπερ
699 1871 741 1907 τὸ
773 1873 930 1908 παλαιὸν
959 1879 1094 1910 υπατοί
1123 1889 1163 1909 τε
1192 1869 1284 1918 ἦσαν

214 1919 249 1953 οἱ
282 1920 342 1961 τῆς
375 1922 539 1964 μεγίστης
572 1917 776 1963 ἐξάρχοντες
811 1918 936 1963 βουλῆς
971 1918 1146 1965 δήμαρχοί
1175 1934 1215 1954 τε
1249 1920 1286 1954 οἱ

214 1963 280 1998 τὸν
313 1963 425 2007 δῆμον
455 1961 691 2006 ἡνιοχοῦντες,
726 1960 821 1997 οὕτω
858 1963 902 2007 δὴ
931 1968 990 1998 καὶ
1018 1965 1085 1999 νῦν
1115 1968 1283 1999 ἔστωσαν

215 2013 414 2054 πραίτωρες
436 2010 503 2052 μὲν
534 2006 727 2054 συγκλήτου
757 2008 792 2042 οἱ
822 2008 867 2043 τοὶ
897 2010 1107 2056 ὲζιιπροσθεν
1137 2007 1220 2054 ἡμῖν
1244 2012 1288 2044 εί-

1351 1880 1544 1921 praeerant
1565 1876 1696 1920 curiae,
1720 1876 1897 1922 principes
1921 1876 2036 1928 plebis
2056 1879 2185 1918 autem,
2210 1874 2271 1928 qui
2290 1875 2428 1919 plebem

1352 1922 1618 1974 gubernabant,
1651 1922 1703 1957 ita
1725 1925 1762 1957 et
1784 1925 1978 1974 nunc-sint
1999 1925 2181 1973 praetores
2206 1919 2349 2000 ffiudem
2372 1930 2427 1955 se-

1352 1969 1478 2009 natus,
1516 1978 1576 2012 qul
1611 1977 1671 2010 ea,
1713 1977 1805 2012 quae
1839 1966 1973 2012 prldem
2009 1977 2031 2000 a
2068 1967 2171 2001 nob1s
2245 1969 2304 2000 cta
2335 1967 2429 2007 sunt,

263 2080 302 2111 18
328 2077 480 2122 Πρῶτον
500 2077 567 2120 μὲν
586 2070 651 2109 οἶν
673 2076 895 2120 θεσπίζομεν
915 2081 1159 2125 νυκτέπαρχον
1179 2078 1316 2123 μηδένα
1339 2100 1382 2104 -
1407 2082 1450 2113 20
1475 2082 1738 2124 πραττομένων
1763 2081 1856 2114 babet
1880 2081 1916 2114 Β
1936 2082 1967 2123 6,
1985 2088 2012 2121 5,
2030 2088 2054 2114 4.

215 2171 353 2202 noctem
383 2177 455 2200 uon
484 2171 579 2201 recte
602 2171 761 2212 affantur
785 2176 908 2202 curam
965 2174 1045 2203 erat
1072 2173 1107 2203 et
1134 2169 1257 2204 urbem
1280 2168 1491 2211 circumeat,
1522 2169 1606 2205 inde
1629 2168 1723 2204 hano
1747 2173 1855 2205 nacta
1886 2172 1941 2205 est
1963 2167 2265 2215 appellationem:
2298 2171 2340 2204 at
2364 2166 2432 2205 hoe

215 2212 306 2247 idem
330 2212 434 2246 etiam
453 2212 727 2257 praefecturam
759 2211 858 2247 urbis
889 2212 924 2248 vi
949 2224 1047 2248 emus
1080 2219 1267 2259 aqentem;
1296 2213 1349 2249 ita
1379 2219 1421 2250 ut
1448 2214 1540 2250 nihil
1566 2213 1770 2267 impedierit
1799 2225 1871 2261 quo
1903 2214 2038 2256 minus,
2069 2219 2243 2260 quantum
2266 2212 2316 2248 ad
2336 2212 2433 2249 lianc

216 2256 512 2303 appellationem,
547 2256 611 2290 illa
642 2267 784 2302 quoque
849 2261 982 2292 otestas
1016 2269 1058 2293 eo
1097 2259 1239 2294 nomine
1274 2263 1429 2294 vocetur.
1485 2258 1622 2302 Quodsi
1652 2259 1787 2295 divisas
1819 2269 1896 2295 esse
1920 2262 2127 2311 potestates
2156 2257 2367 2295 existimant
2396 2261 2432 2294 et

216 2301 511 2347 qlora'osissimum
542 2300 683 2346 quidem
708 2313 804 2347 prae
824 2306 937 2337 ectum
964 2302 1070 2338 huius
1091 2303 1213 2349 felicis
1236 2304 1336 2338 urbis
1360 2304 1432 2340 diei
1454 2316 1531 2340 esse
1554 2304 1825 2351 maqistratum,
1859 2303 2022 2350 relnquos
2044 2313 2129 2339 vero
2154 2303 2291 2339 noctis:
2327 2302 2433 2340 valde

217 2358 239 2380 a
263 2346 336 2381 veri
365 2346 482 2392 specie
505 2345 736 2388 aberrarunt,
765 2350 865 2382 recta
896 2349 1078 2383 nominum
1103 2348 1245 2384 ratione
1272 2349 1449 2384 nescimus
1472 2360 1545 2396 quo
1568 2354 1683 2402 paeto
1711 2353 1896 2396 corrupta.
1945 2348 2041 2384 Hinc
2065 2348 2241 2395 profecto
2264 2358 2343 2384 eam
2365 2358 2430 2396 ap-

216 2390 443 2436 pellau'onem
472 2395 596 2437 utpote
627 2391 814 2426 obscuram
845 2397 881 2428 et
904 2393 1160 2429 tenebricosam
1192 2398 1301 2445 atque
1330 2395 1447 2429 noctis
1478 2405 1622 2430 nomme
1645 2394 1854 2448 praeditam
1886 2404 2007 2430 omnes
2029 2393 2156 2429 merito
2178 2393 2369 2440 refuyiunt
2397 2395 2434 2429 et

213 2446 354 2481 poenae
378 2435 458 2469 loco
482 2447 559 2470 eam
584 2437 798 2472 creationem
822 2436 952 2472 habent
976 2449 1020 2473 ac
1039 2450 1084 2474 ne
1105 2438 1352 2484 imperialibus
1376 2439 1518 2485 quidem
1543 2439 1719 2475 codicellis
1740 2439 1888 2486 diqnam
1911 2442 2066 2475 censent.

352 2480 379 2514 1.
421 2480 498 2515 Nos
519 2481 632 2527 iqitur
653 2492 693 2516 re
713 2482 1008 2526 quemadmodum
1031 2484 1193 2530 oportuit
1215 2483 1443 2520 considerata
1461 2484 1557 2520 hunc
1580 2484 1722 2531 quidem
1740 2485 1991 2531 maqistratum
2014 2483 2059 2519 ab
2082 2483 2165 2530 ipsa
2187 2482 2433 2531 appellatione

216 2525 376 2570 profecti
398 2525 436 2558 in
461 2529 572 2559 totum
602 2526 857 2561 restituendum
884 2532 993 2573 atque
1024 2528 1226 2563 ornandum
1258 2539 1335 2564 esse
1365 2529 1660 2566 existimavimus.
1707 2530 1761 2566 Ac
1783 2528 2065 2576 nycteparchum
2089 2527 2232 2575 quidem
2258 2527 2433 2564 nemmem

218 2570 327 2614 plane
359 2570 397 2603 in
427 2575 613 2615 posterum
649 2571 866 2606 vocandum:
906 2573 1084 2608 curabunt
1117 2573 1209 2608 enim
1244 2577 1316 2608 tam
1355 2585 1449 2620 quae
1487 2574 1645 2611 interdiu
1681 2586 1790 2621 quam
1826 2585 1920 2621 quae
1953 2578 2064 2610 noctu
2099 2573 2231 2609 iniuste
2264 2576 2432 2620 aperitur.

221 2616 238 2649 l
293 2614 377 2648 Cum
409 2625 490 2649 vero
507 2615 677 2665 ‚antiquis
699 2615 873 2651 Romanis
901 2617 1093 2652 admodum
1118 2618 1304 2664 placuerit
1358 2620 1514 2655 raetoris
1544 2631 1695 2662 nomen,
1727 2624 1927 2668 propterea
1946 2622 2144 2666 praetores
2169 2617 2289 2665 plebis
2319 2617 2430 2653 nomi-

221 2658 360 2692 nandos
389 2663 592 2704 putabamus
622 2670 702 2703 eos,
730 2661 794 2705 qui
823 2660 872 2695 ad
899 2662 1099 2697 custodiam
1133 2667 1170 2698 et
1200 2663 1314 2709 discip
1331 2675 1427 2699 mam
1459 2665 1649 2701 constituti
1667 2669 1755 2701 sunt
1789 2663 1984 2711 turbasque
2011 2662 2213 2711 populares
2244 2661 2434 2699 cohibendi

232 2707 430 2737 ›otestatem
454 2702 591 2738 habent.
630 2703 678 2739 Et
697 2705 991 2749 quemadmodum
1016 2707 1080 2741 alii
1101 2711 1291 2754 praetores
1313 2709 1351 2743 in
1374 2714 1502 2745 senatu
1524 2715 1620 2752 sunt,
1642 2710 1706 2757 qui
1727 2709 1952 2746 libertatibus
1974 2707 2080 2755 quive
2099 2707 2221 2744 tutelis
2242 2716 2288 2743 ao
2308 2705 2432 2742 sintili-

217 2715 287 2782 bus
303 2752 492 2798 praesunt,
515 2748 567 2782 ita
589 2748 625 2782 lu·
648 2759 789 2806 quoque
805 2755 1000 2796 praetores
1022 2758 1127 2787 sunto
1152 2752 1364 2798 disciplinae
1386 2754 1482 2789 inter
1494 2755 1717 2802 populares:
1740 2759 1779 2792 at
1805 2765 1850 2790 ue
1872 2756 1998 2797 nostra
2016 2753 2159 2800 quidem
2182 2751 2308 2799 linqua
2319 2761 2431 2799 prae·

155 2815 157 2817 ·
222 2798 317 2827 tores
333 2792 469 2843 plebes,
501 2791 569 2826 hac
591 2804 674 2828 vero
704 2794 842 2829 Graeca
865 2798 899 2829 et
922 2797 1099 2831 communi
1122 2801 1320 2843 πραίτωρες
1344 2796 1469 2843 δήμων
1492 2811 1540 2847 ap
1569 2800 1738 2836 ellantor.
1839 2798 1974 2835 actoris
1996 2802 2116 2834 autem
2150 2807 2258 2844 quam
2281 2795 2432 2833 honesta

221 2838 268 2872 sit
291 2842 407 2888 raeco,
425 2847 539 2888 quam·
554 2848 672 2883 prope
695 2839 788 2873 absit
810 2850 833 2873 a
853 2841 1043 2875 consulatu
1058 2868 1067 2882 ,
1104 2853 1211 2887 quam
1232 2843 1349 2878 vicina
1373 2844 1445 2890 leqi
1468 2845 1529 2880 col
1542 2850 1648 2881 ocata
1671 2845 1737 2888 sit,
1772 2844 1961 2881 declarant
1984 2843 2098 2890 laces,
2133 2853 2228 2889 quae
2249 2845 2285 2878 et
2306 2851 2433 2878 consu-

222 2882 312 2917 latui
345 2881 580 2916 acleunaeermt
608 2888 795 2927 praetores
818 2888 852 2918 et
878 2884 1003 2919 iisdem
1031 2886 1225 2921 seeundum
1250 2892 1339 2933 post
1366 2888 1479 2935 leqem
1510 2890 1676 2926 dederint
1706 2889 1877 2926 ordinem.
1934 2887 1985 2924 Et
2015 2887 2313 2935 quemadmodum
2340 2886 2432 2922 anti-

222 2927 344 2973 quitus
371 2931 405 2961 et
438 2926 602 2961 eonsules
628 2932 731 2962 erant
763 2928 825 2972 qui
854 2939 990 2963 summo
1023 2935 1219 2975 praeerant
1252 2933 1394 2967 senatui
1417 2938 1453 2969 et
1484 2935 1620 2970 tribuni
1648 2935 1766 2982 plebis
1797 2934 1860 2981 qui
1886 2933 2024 2982 plebem
2048 2931 2350 2969 moderabantur:
2380 2931 2434 2967 ita

222 2981 316 3006 nunc
351 2982 494 3016 quoque
529 2976 599 3005 tam
632 2975 823 3018 praetores
856 2979 1003 3009 senatus
1036 2975 1128 3017 sint,
1160 2976 1223 3021 qui
1255 2987 1347 3021 quae
1381 2983 1465 3014 ante
1500 2991 1523 3014 a
1551 2980 1656 3015 nobis
1689 2980 1786 3016 dieta
1821 2984 1908 3015 sunt
1941 2983 2073 3026 aqant,
2106 2988 2215 3024 quam
2239 2979 2435 3025 praetores

266 3064 286 3096 2
307 3059 527 3106 πολυαρχίαν
539 3062 584 3095 M
596 3062 609 3105 ss
624 3064 643 3095 5
668 3061 843 3104 *oi'cwrad
869 3059 946 3097 οἷόν
961 3076 1001 3097 τε
1015 3065 1091 3098 libri
1106 3064 1119 3108 ΙΙ
1135 3068 1156 3100 6
1178 3061 1288 3110 ὖπάρ-

222 3130 297 3171 χων
320 3116 380 3162 L}
399 3119 416 3150 ἰ’
442 3114 614 3162 ἄρχοντας
636 3118 680 3151 M
693 3119 705 3161 ΙΙ
729 3121 747 3151 8
774 3120 851 3152 τῶν
873 3133 930 3153 οηι.
956 3120 986 3153 L
1011 3119 1023 3164 ΙΙ
1043 3123 1063 3154 9
1088 3116 1223 3164 ονοματ
1242 3122 1289 3155 L¹

223 3160 375 3205 ωνόματι
396 3162 470 3206 L²u
489 3161 528 3195 δὲ
552 3162 602 3202 M,
626 3175 683 3195 om.
710 3164 761 3198 L:
776 3164 787 3205 ΙΙ
811 3166 843 3197 11
870 3160 1039 3209 ζοφώδης)
1059 3166 1090 3198 L
1107 3167 1117 3199 ΙΙ
1139 3168 1178 3199 12
1203 3163 1289 3200 ἀπο-

223 3207 366 3253 φεύγειν
386 3207 443 3244 1411
467 3209 504 3240 13
525 3204 632 3239 *οὔτε
654 3207 754 3251 Ιί1η·ιἸΙ
777 3211 814 3241 15
839 3209 943 3262 ἐχρῆν
963 3210 1065 3250 ᾹΙΕς]
1091 3211 1161 3251 ἔχει
1186 3211 1289 3244 Halo-

225 3254 345 3291 aemderl'
361 3254 399 3286 16
413 3248 576 3294 ignaras]
591 3252 808 3294 aprincipiog
818 3252 831 3296 ΙΙ
843 3250 1031 3298 αρξάμενοι
1045 3255 1291 3299 Osenbrilchn;

225 3312 265 3329 an
289 3293 530 3349 ἀρξαμένουςῖ
549 3297 560 3341 ΙΙ
580 3299 619 3330 19
644 3295 829 3330 παντελῶς
854 3299 941 3338 ΜΒ]
968 3311 1024 3331 om.
1052 3300 1103 3335 Le
1117 3298 1130 3342 ΙΙ
1148 3301 1207 3331 καὶ
1233 3314 1290 3335 om.

228 3344 254 3374 L
271 3343 283 3385 11
301 3343 343 3375 22
353 3343 407 3382 το]
421 3341 515 3374 τῶῙ,
531 3341 544 3385 ss
563 3343 604 3374 23
618 3345 791 3384 praeterae
802 3342 906 3384 plebis
915 3355 972 3375 om.
983 3344 1013 3375 L
1031 3342 1042 3386 ΙΙ
1061 3345 1102 3377 26
1115 3347 1291 3386 praetores

229 3388 269 3418 ,ll
286 3389 485 3430 πραίτωρες
500 3386 527 3419 L
542 3385 555 3430 ΙΙ
573 3385 665 3419 εἰσὶν
684 3387 735 3427 ἐν]
759 3382 780 3428 ἡ
798 3386 841 3428 oi]
857 3387 884 3419 L
901 3388 912 3427 ΙΙ
932 3389 973 3420 30
997 3391 1174 3429 praetavi-es
1184 3389 1292 3440 plebis

230 3433 269 3463 ,11
285 3434 485 3476 πραίτωρες
498 3428 622 3474 πλέβις
635 3431 665 3463 L
681 3430 694 3474 ΙΙ
713 3432 754 3465 32
778 3432 854 3463 ἐστὶ
875 3433 979 3473 τέμνε
999 3432 1043 3464 L¹
1069 3433 1167 3465 ἐστὶν
1178 3445 1291 3477 ονομα

231 3476 287 3512 L²;
312 3486 430 3508 nomen
445 3478 519 3509 add.
535 3487 564 3516 ς,
588 3473 703 3518 ὄνομα
717 3484 793 3519 pose
809 3478 1011 3520 πραίτωρος
1023 3476 1094 3517 (32)
1106 3478 1290 3520 Aqylaeus5

226 3521 283 3552 ⁸211
298 3523 339 3559 cs.
354 3522 409 3561 92,
428 3529 469 3554 ¹5.
489 3522 542 3562 98,
563 3529 605 3554 ¹7.
626 3522 680 3560 99,
702 3528 733 3554 12
749 3522 790 3554 al.
810 3521 823 3560 11
840 3524 880 3555 35
906 3517 1087 3566 δευτε’ρου”ς
1110 3533 1148 3554 τε
1169 3518 1293 3557 αὐτοὺς

231 3565 256 3596 L
273 3564 285 3606 11
304 3567 344 3598 36
368 3563 535 3598 παλαίειν
557 3564 633 3610 L¹ss
653 3567 692 3599 37
717 3563 849 3608 βουλὴν
872 3565 903 3599 L

273 3644 282 3675 1
314 3642 514 3683 eininltatom
537 3644 571 3677 R
586 3644 599 3688 1}
617 3644 836 3689 applicatione
861 3645 892 3677 R
916 3644 963 3687 114
989 3645 1086 3677 etiam
1111 3645 1205 3678 istam
1230 3647 1261 3679 R
1280 3646 1292 3689 ΙΙ

1359 3071 1378 3102 5
1404 3069 1511 3102 diuidi
1535 3070 1699 3113 dignitate
1722 3071 1758 3104 R
1782 3069 1795 3115 ΙΙ
1817 3072 1836 3103 7
1861 3068 2108 3103 uehementium
2130 3066 2204 3111 1⁷⁰.
2222 3069 2242 3103 8
2263 3066 2433 3101 aberrave-

1358 3114 1427 3146 rint
1451 3116 1536 3158 vulq.
1563 3117 1575 3159 Ι
1607 3118 1627 3150 9
1652 3116 1767 3149 *hano
1792 3116 1869 3149 libri
1894 3114 1906 3159 ΙΙ
1938 3116 1979 3148 10
2003 3115 2036 3147 et
2057 3125 2115 3146 om.
2135 3112 2170 3146 R
2197 3111 2204 3156 Ι
2238 3107 2431 3146 ηὼὶὶὶοιιπι

1361 3159 1390 3190 R
1407 3158 1419 3202 ΙΙ
1437 3159 1642 3193 obscuratam
1671 3161 1700 3194 R
1725 3159 1738 3205 ss
1764 3162 1799 3194 11
1827 3160 1935 3193 noctis
1957 3169 2016 3202 per
2039 3167 2158 3191 nomen
2236 3156 2431 3200 'refugium

1367 3204 1397 3254 Is*
1411 3205 1423 3254 Ι]
1443 3206 1481 3256 1:³3
1507 3204 1606 3258 digne
1627 3205 1684 3250 Vss
1699 3207 1838 3248 putatur
1855 3205 1887 3238 R
1903 3205 1915 3248 ΙΙ
1938 3206 1975 3256 lx}
2000 3204 2081 3245 rem]
2106 3213 2172 3236 esse
2196 3202 2229 3236 R.
2246 3201 2259 3244 Ι
2277 3203 2318 3254 16
2339 3201 2433 3254 prin-

1359 3252 1611 3335 {praessa}
1631 3252 1800 3339 {effi
1817 3251 1861 3329 ἕξ
1879 3247 2432 3334 22333²a¹ss2¹³a¹3050⁰553⁹ffl

1368 3337 1399 3387 1(
1417 3338 1504 3380 vuly.
1519 3338 1531 3379 ΙΙ
1550 3340 1591 3372 23
1617 3332 1721 3382 plebis
1744 3350 1798 3373 eos
1821 3340 1972 3383 oportere
1990 3338 2024 3372 R
2042 3336 2113 3382 1124
2136 3337 2285 3380 possunt]
2309 3345 2433 3379 poenes-

1359 3391 1482 3413 sionem
1506 3383 1539 3415 R
1562 3382 1574 3427 ΙΙ
1600 3386 1641 3417 25
1665 3385 1871 3426 seditionem]
1895 3383 1996 3417 sedioi
2019 3392 2086 3416 non
2110 3382 2143 3416 R
2167 3381 2179 3425 fl
2201 3383 2240 3415 27
2266 3381 2377 3424 super]
2402 3382 2435 3414 et

1359 3427 1718 3515 iitm'tflrsss’fft‘n
1733 3443 1796 3508 ἔτ’·
1820 3428 1944 3507 &ait-⁹:22
1961 3425 2355 3506 effugaretur.
2371 3437 2432 3503 v*

1361 3516 1403 3547 34
1428 3515 1474 3547 eis
1497 3526 1571 3548 cum
1596 3531 1654 3550 om.
1668 3519 1698 3551 R
1713 3517 1726 3562 ΙΙ
1746 3521 1787 3553 35
1800 3484 1988 3561 ‘inequitas
2006 3516 2119 3560 R²Vu
2138 3517 2180 3550 36
2200 3516 2354 3560 princeps
2369 3514 2405 3548 R
2421 3467 2434 3558 ΙΙ

1360 3560 1469 3611 autem
1493 3561 1563 3601 qui]
1587 3565 1645 3594 aut
1669 3563 1701 3596 R
1726 3563 1739 3607 ΙΙ
1770 3566 1810 3597 37
1835 3563 2025 3604 gubernant
2046 3561 2080 3595 R
2103 3561 2147 3594 al.
2178 3559 2191 3603 fl
2215 3561 2265 3594 ita
2287 3569 2377 3594 nune
2400 3562 2434 3593 et

1361 3604 1393 3637 R
1410 3603 1423 3647 η
1439 3608 1507 3637 suit
1528 3605 1572 3646 V]
1597 3609 1675 3640 sunt
1697 3607 1732 3641 R
1755 3608 1841 3653 vulq.
1858 3607 1870 3652 ΙΙ
1889 3609 1931 3642 38
1956 3607 2015 3650 qui
2039 3607 2087 3647 ea]
2113 3606 2193 3657 quia
2213 3605 2243 3638 V
