2592 3840
239 78 348 121 Nov.
378 77 457 120 LX
487 80 511 119 2
1303 78 1387 125 328

241 201 312 224 πον
337 187 483 233 ’τολμᾶν
520 187 603 224 τοὺς
636 187 832 236 παρέδρους
868 192 976 236 χωρὶς
1015 190 1094 225 τῶν
1127 187 1317 237 ἀρχόντων
1384 191 1606 229 consiliarios
1622 193 1758 238 absque
1775 192 2122 229 administratoribus
2138 194 2274 237 audire,
2294 195 2359 232 sed
2373 206 2454 232 cum

240 231 392 275 ἀκούειν,
424 231 515 268 ἀλλὰ
536 233 628 278 μετὰ
658 236 719 277 τῆς
749 232 986 279 προςηκούσηε
1016 232 1241 280 σεμνότητος,
1272 233 1316 281 ἢν
1384 238 1598 283 competenti
1612 238 1811 282 honestate,
1831 248 1938 284 quam
1953 238 2084 275 dudum
2101 238 2351 284 disposuimus,
2369 250 2453 286 pro-

241 277 307 330 ἤδη
330 277 552 332 διετάξαμεν,
583 280 661 314 τῶν
685 279 804 333 θείων
828 282 1075 325 προκειμένων
1098 279 1232 327 λογίων
1255 282 1316 316 αὖ·
1382 282 1510 328 positis
1535 283 1774 320 sacrosanctis
1798 283 1947 329 eloquiis
1970 283 2068 333 ipsps
2092 284 2398 322 administratores
2417 287 2455 322 et

240 336 320 358 τους
354 336 436 359 τους
469 324 642 370 ἄρχοντας
678 327 738 358 καὶ
774 323 915 359 ακούειν
949 326 1027 360 τῶν
1055 323 1316 372 ἠγωνισμένων
1383 327 1507 364 audire
1530 338 1621 374 quae
1642 328 1844 365 examinata
1874 331 1958 365 sunt
1987 328 2105 365 omnia
2127 333 2395 375 consequenter,
2417 333 2455 367 et

241 366 418 404 ἁπάντων
450 370 572 415 ἐφεξῆς
602 372 661 404 καὶ
692 372 828 415 κρίνειν
863 368 925 405 τὰς
953 367 1150 406 ὑποθέσεις
1179 369 1315 414 αὐτούς,
1352 372 1542 410 5iudicare
1571 383 1633 410 eos
1664 374 1806 419 negotia
1839 377 1875 409 et
1903 373 2085 427 suscipere
2115 374 2389 420 appellationes,
2423 375 2455 412 si

241 418 301 448 καὶ
324 412 497 457 δέχεσθαι
520 415 582 449 τὰς
605 416 750 460 ἐφέσεις,
774 414 874 462 εἴπερ
894 426 947 450 τις
966 417 1076 461 ἐφείη,
1101 419 1208 462 χωρὶς
1224 415 1314 453 aad·
1408 418 1463 454 uis
1487 419 1736 464 appellaverit,
1769 419 1845 455 sine
1875 419 1948 455 ulla
1977 418 2164 463 dilatione,
2195 419 2259 455 ubi
2281 419 2339 456 lex
2363 419 2454 456 haec

242 471 303 502 σης
326 456 573 505 ὑπερθέσεως,
596 459 693 494 ἔνθα
718 456 737 494 ὁ
760 458 868 505 νόμος
897 461 1004 494 τοῦτο
1035 461 1207 509 γίνεσθαι
1233 473 1277 496 συ
1300 482 1315 488 -
1409 463 1459 499 eri
1478 464 1662 509 permittit.
1699 464 1751 499 Et
1770 474 1896 500 rursus
1919 464 2166 509 appellationis
2189 464 2324 501 iudices
2342 465 2454 501 modis

240 508 357 550 χωρεῖ.
404 507 463 538 καὶ
487 499 594 539 αὖθις
617 504 698 540 τοὺς
721 506 847 550 ἐφέτας
879 507 917 539 ἐκ
940 502 1076 554 τρόπου
1099 506 1236 542 παντὸς
1283 506 1312 542 ι’
1384 509 1549 545 omnibus
1582 519 1647 554 per
1677 519 1716 546 se
1747 509 1870 545 audire
1897 509 2056 554 negotia,
2092 509 2191 546 nullo
2219 509 2323 546 aliter
2350 519 2456 554 agere

242 550 382 584 ἑαυτῶν
414 547 619 595 ἀκροᾶσθαι
649 550 728 584 τῶν
757 550 986 593 ὑποθέσεων,
1014 549 1158 586 οὐδενὸς
1187 553 1316 601 ἑτέρως
1384 557 1651 599 praesumente3
1675 554 1738 591 sed
1762 555 1794 591 si
1817 554 1901 600 quid
1924 554 1996 590 tale
2018 554 2093 600 fiat,
2117 554 2205 607 ipsis
2229 554 2370 600 quidem
2392 555 2453 590 ad-

241 595 413 640 πράττειν
437 594 657 639 τολμῶντος·
693 592 774 629 ἀλλ’
789 595 837 648 1εἴ
854 609 892 630 τι
915 597 1058 631 τοιοῦτο
1078 599 1230 642 γένοιτο,
1256 597 1314 632 αὖ·
1331 602 1371 633 10
1384 599 1666 635 ministrantibus
1704 599 1827 645 viginti
1861 599 2034 635 librarum
2067 610 2144 636 auri
2182 599 2454 636 formidantibus

241 642 318 692 τῶν
345 642 412 684 μὲν
442 641 520 674 τῶν
555 636 743 687 ἀρχόντων
777 639 845 675 ανά
880 641 914 676 vi
939 641 1007 677 ‘nti
1033 642 1207 678 librarum
1235 643 1315 679 auri
1383 654 1555 689 poenam,
1591 644 1803 680 consiliariis
1839 646 1958 680 autem
1989 645 2049 690 qui
2080 645 2153 680 tale
2185 644 2321 691 aliquid
2349 655 2455 691 agere

241 688 487 732 ιφορωμένων
503 685 645 729 ποινήν,
666 687 744 720 τῶν
760 683 799 719 δὲ
816 689 911 731 παρέ
932 700 1009 733 ρων
1025 687 1061 721 οἳ
1076 688 1182 722 τοῦτο
1203 686 1314 735 πράτ-
1383 690 1699 734 praesumpserint,
1724 689 1755 726 si
1778 689 1919 734 quidem
1942 689 2106 726 advocati
2129 690 2212 734 sint,
2236 690 2455 736 expellendis

240 744 318 765 τειν
341 728 563 776 ἐθάρρησα-ν,
588 731 618 764 εἰ
640 733 708 774 μὲν
723 728 911 778 συνήγοροι
934 732 1016 775 εἶεν,
1040 732 1315 778 ἐκβαλλομένων
1383 735 1428 769 ab
1453 734 1819 779 eloquentissimorum
1842 735 2095 771 advocatorum
2119 735 2285 780 collegio,
2316 737 2348 772 si
2372 745 2454 772 vero

240 777 303 810 τοῦ
325 776 403 810 τῶν
426 774 661 821 λογιωτάτων
692 774 858 822 ῥητόρων
888 776 1107 825 καταλόγου,
1141 779 1173 812 εἰ
1203 777 1243 812 δὲ
1272 777 1313 812 οὗ
1382 779 1547 815 advocati
1577 789 1649 815 11011
1682 781 1767 815 sunt
1797 779 1861 815 sed
1890 779 1951 815 alii
1973 780 2136 825 quidam,
2172 782 2278 816 etiam
2302 780 2454 826 cingulo,

241 818 426 875 συνήγοροι
456 820 681 875 καθεστᾶσιν
704 818 783 855 ἀλλ’
807 823 924 867 ἕτεροί
942 834 1054 866 τινες,
1085 826 1144 857 καὶ
1164 824 1225 867 τῆς
1247 823 1314 866 ζώ-
1330 827 1369 859 15
1383 825 1414 859 si
1437 824 1522 869 quid
1551 825 1723 868 habeant,
1753 825 1936 870 privandis
1968 828 2004 860 et
2034 825 2155 861 decem
2183 825 2353 862 librarum
2376 826 2454 862 auri

1819 95 1881 127 ΠΤ
1910 96 2133 128 DEFUNCTI
2163 95 2246 129 snt]
2274 97 2455 130 FUNBBA

240 877 311 908 νης,
331 867 360 899 εὶ
376 878 460 900 τινα
479 868 605 908 ἔχοιεν,
621 863 907 913 ἀφαιρουμένων,
927 870 986 901 καὶ
1003 868 1125 904 decem
1142 868 1315 905 librarum

240 910 320 946 auri
343 913 672 956 σωφρονιζομένων
695 912 816 959 ποινῇ.
864 909 949 946 οὐδὲ
969 912 1038 960 γὰρ
1071 911 1126 947 δεῖ
1150 914 1231 949 τοὺς
1254 917 1315 948 καὶ

239 955 306 999 τὴν
331 956 499 999 Ζήνωνος
525 957 588 990 τοῦ
621 957 682 1000 τῆς
704 953 869 1001 εὐσεβοῦς
892 955 1022 1001 λήξεως
1045 956 1316 993 διαπτύσαντας

239 1000 406 1042 διάταξιν
424 1004 485 1035 καὶ
507 1001 574 1055 τὴν
590 999 719 1055 πρῶην
738 1001 806 1045 τὴν
821 999 997 1058 ἡμετέραν
1020 1006 1080 1037 καὶ
1100 1003 1315 1057 τὴνὶπαροῦ·

1384 869 1598 914 castigandis
1620 879 1749 915 poena.
1795 869 1878 906 Non
1901 870 1993 905 enim
2024 873 2165 916 oportet
2187 880 2267 915 eos,
2299 871 2361 917 qui
2387 871 2453 906 Ze·

1382 915 1487 950 nonis
1510 915 1592 960 piae
1609 915 1798 950 memoriae
1823 916 2114 967 contempserunt
2131 916 2245 995 legem
2267 918 2304 951 et
2321 915 2455 969 dudum

1383 964 1542 995 nostram
1566 963 1603 995 et
1622 962 1862 1005 praesentem,
1887 960 2068 1003 arbitrari,
2101 962 2140 995 ut
2185 960 2326 996 alsitate
2347 961 2454 997 11111110

1383 1005 1523 1057 fugiant
1545 1015 1690 1050 poenas.
1737 1004 1818 1040 Erit
1839 1005 1931 1040 enim
1951 1015 2058 1040 curae
2080 1015 2146 1051 per
2161 1007 2302 1050 tempus
2325 1005 2453 1050 glorio-

240 1058 310 1081 σαν
338 1047 500 1090 οἴεσθαι,
535 1057 583 1081 ως
612 1060 665 1091 τῳ
693 1049 1113 1101 παραπροςποιησασθαι
1141 1061 1204 1083 τας
1232 1046 1314 1083 ταὺ-
1329 1053 1370 1085 20
1385 1050 1515 1086 Sissimi
1548 1050 1684 1086 comitis
1708 1059 1891 1086 sacrorum
1922 1054 2125 1086 nostrorum
2147 1050 2366 1096 privatorum
2387 1050 2454 1087 hu·

239 1103 299 1134 της
318 1089 575 1137 διαφεύξονται
596 1092 734 1127 ποινάς.
764 1091 907 1136 μελήσει
925 1106 994 1140 γαρ
1012 1095 1066 1138 τῷ
1084 1093 1174 1129 κατὰ
1191 1094 1315 1140 καιρὸν

239 1136 462 1180 ἐνδοξοτάτῳ
482 1134 609 1181 κόμητι
629 1138 707 1172 τῶν
722 1137 841 1172 θείων
862 1137 965 1183 ἡμῶν
981 1138 1172 1185 πριβάτων
1187 1139 1316 1174 τούτου

239 1184 301 1216 τοῦ
325 1180 533 1230 πράγματος
555 1183 737 1218 τίθεσθαι
760 1180 946 1229 πρόνοιαν,
978 1187 1038 1218 καὶ
1062 1181 1231 1219 ἀπαιτεῖν
1253 1183 1315 1219 τὰς

239 1227 365 1263 ποινὰς
399 1230 459 1261 καὶ
493 1226 642 1276 εἰςάγειν
676 1230 750 1262 τοῖς
781 1232 949 1273 ταμείοις,
982 1225 1073 1264 ὅταν
1104 1243 1141 1264 τι
1172 1230 1314 1265 τοιοῦτο

239 1271 529 1329 πλημμεληθείη·
563 1271 780 1319 γινώσκοντι
803 1276 863 1307 καὶ
887 1271 1000 1318 αὐτῷ,
1029 1272 1078 1309 ῶς
1101 1275 1250 1310 οἴκοθεν
1272 1274 1314 1310 τὸ
1329 1278 1370 1311 25

239 1317 409 1362 δημοσιον
424 1317 680 1365 αποπληρώσει
698 1317 748 1364 μὴ
764 1316 891 1353 τούτου
915 1320 1105 1364 τιθέμενος
1126 1319 1194 1364 τὴν
1213 1332 1314 1367 προς·

237 1364 262 1399 2
308 1362 463 1408 ήκουσαν
486 1362 674 1409 πρόνοιαν.
729 1362 835 1398 Ἀλλὰ
857 1364 974 1399 ταῦτα
988 1367 1056 1409 μὲν
1076 1367 1137 1400 ἐπὶ
1160 1367 1238 1401 τῶν
1255 1364 1314 1415 ἀρ·

237 1408 381 1452 χόντων
412 1408 669 1455 ψηφιζόμεθα,
705 1408 757 1444 οῖς
787 1408 828 1444 αἱ
857 1421 903 1444 πε
927 1412 940 1444 ὶ
973 1409 1016 1445 τὸ
1046 1408 1221 1455 δημόσιον
1254 1414 1314 1445 καὶ

238 1457 321 1510 περὶ
340 1453 538 1509 τὰςρμετέ
559 1466 598 1489 ας
621 1453 791 1490 κελεύσεις
814 1422 977 1497 ἀσχολίαι
1008 1454 1076 1499 τὴν
1099 1457 1162 1490 τοῦ
1186 1455 1235 1502 μὴ
1259 1454 1312 1509 δι’

1384 1097 1440 1131 1110
1473 1095 1526 1131 rei
1556 1096 1688 1131 habere
1718 1094 1979 1140 providentiam
2009 1097 2045 1131 et
2073 1095 2214 1141 exigere
2243 1105 2393 1142 poenam
2419 1098 2456 1132 et

1384 1141 1516 1177 inferre
1540 1140 1690 1184 aerario,
1723 1141 1805 1176 dum
1827 1140 1899 1176 tale
1922 1140 2057 1186 aliquid
2080 1141 2306 1177 commissum
2327 1140 2454 1185 fuerit3

1383 1185 1869 1268 Ziin‘iiiii‘erssiiinssbffissz
1888 1185 2454 1278 {astutissimas

1383 1366 1408 1402 2
1461 1366 1531 1402 Sed
1562 1366 1652 1402 haec
1683 1367 1825 1412 quidem
1854 1366 1890 1403 in
1921 1366 2268 1403 administratoribus
2298 1366 2455 1403 decerni·

1383 1422 1472 1454 mus,
1498 1412 1625 1457 quibus
1650 1412 1815 1458 publicae
1846 1415 1883 1448 et
1906 1412 2003 1448 circa
2024 1414 2168 1448 nostras
2197 1411 2372 1449 iussiones
2395 1423 2453 1448 oc-

1384 1457 1605 1502 cupationes,
1629 1463 1669 1492 ut
1689 1468 1761 1493 non
1784 1468 1849 1503 per
1869 1467 1908 1493 se
1928 1457 2074 1494 audiant
2092 1467 2232 1501 causas,
2257 1457 2457 1494 concedunt

238 1512 379 1534 εαυτων
401 1500 536 1545 ακροᾶσ
569 1513 607 1534 αι
630 1499 673 1534 τὸ
696 1501 772 1535 πᾶν
795 1497 1104 1554 διδόασιυσυγγνώ
1132 1515 1188 1545 ην.
1234 1513 1314 1536 τους
1327 1505 1370 1537 30
1382 1502 1530 1538 veniam.
1578 1503 1678 1538 Alios
1703 1504 1823 1538 autem
1839 1513 1972 1547 omnes,
1998 1503 2059 1549 qui
2077 1503 2211 1539 nullam
2230 1502 2456 1540 administra·

239 1544 281 1579 δέ
300 1558 340 1592 γε
363 1543 490 1579 ἄλλους
517 1541 681 1580 ἅπαντας
710 1543 895 1588 δικαστάς,
928 1557 1008 1579 οσοι
1037 1560 1086 1591 μη
1112 1551 1218 1592 εμίαν
1247 1549 1314 1591 μὲν

238 1589 349 1636 ἀρχὴν
384 1589 567 1637 ἄρχοντες,
606 1588 719 1625 δικῶν
754 1588 794 1625 δὲ
827 1592 866 1624 ἐκ
901 1589 1098 1626 κελεύσεων
1132 1590 1315 1641 ἡμετέρων

237 1633 460 1680 ἀκροώμενοι
483 1632 505 1678 ἢ
525 1638 587 1670 ἐπὶ
605 1635 735 1678 ταύτης
754 1637 816 1679 τῆς
835 1632 1045 1680 εὐδαίμονος
1064 1635 1201 1672 πόλεως
1223 1635 1245 1681 ἢ
1275 1639 1314 1672 ἐν

238 1682 374 1727 ἑτέραις
396 1680 539 1715 τοιοῦτό
570 1694 607 1716 τι
630 1681 816 1730 πράξαιεν,
845 1683 907 1715 καὶ
937 1680 1018 1716 τοὺς
1042 1683 1082 1716 ἐν
1105 1681 1203 1724 τάξει
1224 1696 1313 1729 παρ-

1383 1548 1515 1584 tionem
1537 1548 1688 1591 habent,
1719 1558 1848 1584 causas
1872 1552 1991 1584 autem
2019 1559 2063 1584 ex
2082 1548 2300 1584 iussionibus
2323 1548 2455 1585 nostris

1383 1592 1533 1628 audiunt
1562 1595 1626 1629 aut
1654 1593 1691 1628 in
1719 1594 1787 1629 hac
1810 1593 2015 1629 felicissima
2040 1593 2182 1629 civitate
2209 1595 2274 1629 aut
2301 1593 2340 1629 in
2362 1593 2455 1636 aliis,

1383 1639 1415 1674 si
1437 1638 1508 1674 tale
1531 1638 1665 1684 aliquid
1689 1639 1834 1684 egerint,
1859 1642 1896 1674 et
1919 1649 1980 1674 eos
2004 1639 2065 1684 qui
2086 1639 2123 1674 in
2147 1638 2267 1674 officio
2291 1638 2455 1675 consilia-

1382 1684 1516 1720 riorum
1551 1694 1632 1719 cum
1667 1684 1718 1719 eis
1753 1683 1948 1727 audierint,
1983 1685 2102 1720 adhuc
2136 1683 2456 1720 vehementioribus

238 1724 356 1773 ε’δρων
378 1729 690 1771 συνακροωμένους
721 1724 838 1761 αὐτοῖς
864 1727 919 1760 ἔτι
950 1724 1205 1774 σφοδροτέραις
1233 1731 1315 1772 μέτ-
1328 1731 1370 1763 35
1384 1728 1572 1782 affligimus
1591 1729 1728 1782 poenis,
1752 1729 1820 1764 nisi
1839 1738 1904 1781 por
1919 1739 2057 1765 omnem
2078 1732 2336 1774 consequenter
2358 1729 2456 1766 litem

237 1784 319 1817 ιμεν
342 1775 493 1814 ποιναῖς,
518 1772 549 1806 εἰ
572 1771 620 1816 μὴ
643 1769 703 1806 διὰ
725 1769 840 1814 πάσης
865 1771 987 1817 ἐφεξῆς
1010 1773 1072 1815 τῆς
1091 1770 1188 1816 δίκης
1212 1772 1314 1808 αὐτοὶ

236 1816 327 1862 μετὰ
349 1817 428 1852 τῶν
451 1817 595 1851 οἰκείων
615 1814 810 1863 παρέδρων
834 1813 1075 1863 ἀκροάσονται
1096 1819 1160 1863 τῆς
1177 1816 1314 1853 ὑποθέ-

237 1873 337 1898 σεως.
377 1865 437 1897 καὶ
461 1860 679 1907 ἀξιωμάτων
699 1862 768 1909 γὰρ
791 1863 977 1896 ἔκπτωσιν
1006 1859 1128 1898 αὐτοῖς
1150 1860 1313 1898 ἀπειλοῦ-

1383 1775 1454 1820 ipsr
1478 1785 1558 1809 cum
1590 1784 1665 1810 01110
1689 1774 1900 1810 consiliarils
1931 1774 2080 1810 audiant
2103 1783 2257 1810 causam.
2304 1774 2397 1811 Nam
2419 1778 2456 1810 et

1383 1819 1595 1864 dignitatum
1627 1829 1750 1855 casum
1778 1819 1829 1855 eis
1859 1819 2126 1855 interminamus
2158 1822 2195 1854 et
2224 1829 2376 1864 poenam
2404 1820 2455 1855 vi-

1384 1875 1550 1900 cenarum
1569 1865 1741 1900 librarum
1758 1865 1848 1907 auri,
1873 1868 1908 1899 et
1928 1874 2050 1901 eorum
2069 1863 2291 1901 consiliarios
2314 1874 2360 1900 ex
2376 1864 2456 1913 ipsa

235 1922 303 1953 μεν
335 1910 394 1942 καὶ
416 1906 547 1951 ποινὴν
579 1905 649 1942 ἀνὰ
680 1907 807 1953 vigi-nti
829 1906 1003 1943 librarum
1027 1908 1126 1953 auri,
1155 1912 1216 1942 καὶ
1241 1911 1314 1944 τοῖς
1381 1910 1466 1955 pelli
1490 1910 1632 1947 civitate
1663 1910 1701 1946 in
1724 1920 1796 1955 qua
1826 1910 1915 1946 haec
1939 1910 2090 1955 egerint,
2122 1910 2268 1956 insuper
2299 1914 2334 1946 et
2356 1910 2455 1956 ipsos

237 1951 361 2008 abvgiv
384 1950 575 2000 παρέδροις
604 1951 647 1987 τὸ
673 1951 779 1996 αὐτῆς
803 1950 1062 1993 ἐξελαύνεσθαι
1092 1955 1154 1997 τῆς
1176 1952 1314 2007 πόλεως
1326 1956 1369 1988 40
1381 1956 1525 2001 proprio
1552 1956 1678 1992 cadere
1701 1955 1846 1992 honore.

236 2001 277 2033 ἐν
299 2013 322 2046 ῃ
345 2000 462 2033 ταῦτα
486 1996 661 2044 πράξαιεν
691 2001 751 2032 καὶ
775 1996 864 2044 πρός
890 2011 932 2044 γε
963 2001 1023 2031 καὶ
1054 1995 1160 2042 αὐτῆς
1183 2010 1243 2043 της
1264 2000 1313 2033 οἰ·

235 2048 331 2078 κείας
355 2046 543 2078 ἐκπίπτειν
567 2045 756 2087 ἐπιτιμίας.

235 2112 437 2172 assessores
460 2133 619 2170 audeant
641 2134 719 2169 sine
740 2132 1015 2180 maqistratibus
1038 2132 1177 2176 audire,
1201 2133 1266 2169 sed
1287 2144 1367 2169 cum
1390 2144 1434 2169 ea
1458 2145 1532 2180 qua
1548 2145 1625 2181 par
1647 2138 1703 2171 est
1723 2134 1973 2177 sollemnitate,
2023 2145 2106 2171 uam
2128 2135 2201 2171 iam
2221 2112 2455 2181 definivimus,

234 2181 351 2217 sacris
373 2179 525 2226 eloquiis
546 2190 618 2227 pro
648 2179 750 2215 ositis
773 2179 846 2225 ipsi
868 2179 1105 2230 maqistratus
1128 2182 1164 2214 et
1187 2189 1281 2225 quae
1304 2178 1400 2215 disee
1429 2182 1505 2215 tata
1528 2183 1615 2216 sunt
1639 2180 1761 2216 omnia
1785 2179 1912 2216 ordine
1935 2191 1983 2216 au
2009 2180 2097 2223 iant,
2120 2185 2155 2216 et
2175 2191 2305 2217 causas
2327 2181 2455 2218 diiudi-

236 2230 316 2263 cent
338 2225 428 2273 ipsi,
452 2229 488 2261 et
510 2235 607 2272 appe
622 2224 787 2266 tationes,
813 2224 851 2277 ‘si
874 2234 960 2277 quis
980 2223 1231 2276 appellauerit,
1254 2224 1332 2261 sine
1355 2224 1394 2260 ul
1408 2236 1432 2260 a
1454 2224 1640 2306 dilatione}
1671 2225 1735 2262 ubi
1755 2225 1819 2263 lex
1850 2225 1919 2261 boc
1938 2226 2025 2271 fieri
2036 2226 2230 2272 permittit,
2262 2227 2454 2274 accipiant.

235 2271 398 2318 Itemque
419 2269 557 2306 iudices
579 2269 837 2317 appellationis
861 2268 1025 2305 omnibus
1043 2269 1160 2322 modes
1176 2280 1249 2316 per
1262 2281 1300 2306 se
1316 2269 1388 2317 ipsi
1410 2280 1541 2306 causas
1564 2281 1612 2306 au

1638 2271 1728 2314 iant,
1751 2282 1822 2307 neu
1841 2271 2032 2318 quisquam
2051 2269 2158 2307 aliter
2177 2282 2287 2319 aqere
2305 2271 2458 2309 audeat:

234 2317 298 2354 sed
319 2318 352 2352 si
375 2315 464 2363 quid
485 2315 660 2352 eiusmodi
680 2315 769 2360 fiat,
801 2314 874 2362 ipsi
895 2314 1038 2361 quidem
1061 2319 1298 2362 maqzstratus
1322 2315 1452 2362 viqinti
1473 2314 1647 2352 librarum
1671 2317 1757 2352 auri
1768 2327 1930 2364 poenam
1947 2316 2224 2363 pertimescant,
2256 2327 2457 2355 assessores

234 2360 332 2406 vero,
355 2363 419 2409 qui
441 2360 481 2396 id
503 2372 613 2408 aqere
637 2360 719 2396 ausi
740 2364 836 2404 sunt,
860 2359 1036 2406 siquidem
1059 2359 1229 2397 advocati
1249 2360 1404 2406 fuerint,
1434 2372 1484 2397 ex
1507 2360 1822 2398 disertissimorum
1846 2365 2035 2398 oratorum
2058 2361 2249 2398 matricula
2267 2362 2456 2406 eiciantur,

234 2409 292 2443 sin
315 2418 390 2444 non
420 2411 506 2443 sunt
536 2406 704 2443 advocati
732 2405 798 2442 sed
825 2405 890 2442 alii
921 2405 997 2452 qui,
1028 2409 1065 2442 et
1087 2405 1234 2452 cinqulo
1258 2406 1291 2442 si
1314 2405 1414 2453 quod
1435 2406 1594 2443 babeant
1608 2407 1804 2454 priventur
1831 2411 1867 2443 et
1889 2406 2009 2443 decem
2032 2406 2206 2443 librarum
2226 2408 2312 2444 auri
2335 2418 2457 2455 poena

235 2455 470 2499 castiqentur.
521 2452 649 2498 Neque
671 2451 766 2487 enim
796 2462 859 2488 eos
888 2451 955 2497 qui
979 2454 1015 2487 et
1038 2450 1196 2487 Zenonis
1217 2452 1303 2498 piae
1326 2452 1519 2488 memoriae
1543 2452 1836 2489 constitutionem
1866 2456 1903 2489 et
1918 2452 2084 2499 priorem
2107 2455 2269 2489 nostram
2296 2457 2331 2490 et
2345 2464 2456 2501 prae-

234 2503 370 2536 sentem
391 2508 451 2534 res
478 2497 612 2540 aerim,
643 2496 788 2533 credere
813 2499 969 2544 oportet,
1001 2507 1079 2533 sese
1100 2496 1304 2533 simulando
1325 2507 1468 2543 poenas
1499 2496 1567 2533 bac
1597 2499 1679 2544 ipsa
1710 2502 1867 2534 statutas
1895 2508 2068 2534 evasuros
2098 2508 2183 2534 esse.
2232 2497 2342 2536 Dabit
2363 2499 2457 2535 enim

237 2555 384 2592 operam
413 2554 438 2589 q
454 2542 696 2579 oriosissimus
725 2552 800 2588 pro
833 2547 993 2589 tempore
1023 2552 1141 2578 comes
1168 2553 1358 2578 sacrarum
1380 2553 1502 2579 rerum
1517 2543 1766 2590 privatarum,
1797 2547 1840 2579 ut
1860 2542 1945 2578 kuic
1967 2543 2021 2579 rei
2035 2542 2235 2590 provideat
2264 2547 2299 2579 et
2313 2554 2459 2591 poenas

235 2590 364 2636 exiqat
383 2594 420 2625 et
439 2589 530 2633 fisco
554 2588 705 2634 inferat,
727 2587 761 2622 si
784 2586 874 2633 quid
895 2587 1072 2623 eiusmodi
1094 2586 1345 2633 delinquatur:
1376 2588 1439 2634 qui
1463 2589 1541 2635 ipse
1564 2599 1636 2635 quo
1664 2599 1708 2624 ue
1730 2588 1824 2624 sciat
1845 2599 1884 2624 se
1906 2587 1952 2624 de
1972 2588 2049 2624 suis
2068 2588 2159 2633 fisco
2181 2587 2458 2635 satisfacturum

235 2635 260 2670 2
306 2645 398 2676 esse,
428 2633 460 2668 si
483 2632 568 2668 huic
597 2633 651 2669 rei
681 2643 760 2669 eam
790 2643 898 2678 quam
924 2643 1000 2679 par
1030 2636 1084 2669 est
1112 2642 1236 2668 curam
1268 2644 1341 2669 non
1371 2632 1549 2670 adhibeat.
1670 2633 1716 2670 ed
1745 2633 1834 2670 baec
1864 2632 2007 2680 quidem
2036 2632 2081 2669 de
2112 2633 2159 2669 iis
2185 2633 2459 2680 maqistratibus

236 2679 477 2721 decernimus,
510 2677 640 2724 quibus
670 2677 834 2713 diversae
865 2677 963 2713 circa
992 2677 1121 2723 fiscum
1151 2681 1187 2714 et
1215 2678 1314 2713 circa
1345 2678 1522 2714 iussiones
1552 2682 1699 2715 nostras
1729 2690 1817 2715 occu
1844 2678 1985 2715 ationes
2015 2678 2155 2715 veniam
2186 2677 2292 2722 dant,
2322 2678 2356 2714 si
2383 2689 2458 2716 non

233 2736 304 2771 per
325 2735 366 2760 se
388 2723 460 2771 ipsi
491 2727 604 2759 totam
633 2733 779 2759 causam
811 2722 972 2759 audiant.
1023 2722 1167 2759 Ceteros
1190 2727 1310 2759 autem
1341 2734 1464 2759 omnes
1486 2723 1641 2767 iudices,
1698 2725 1738 2760 ui
1759 2735 1809 2759 nu
1825 2723 1860 2760 lo
1892 2723 2035 2770 quidem
2058 2722 2273 2770 maqistratu
2295 2723 2460 2770 tunqua-

237 2775 307 2812 tur,
341 2769 420 2805 lites
451 2772 570 2804 autem
600 2778 651 2805 ex
681 2767 818 2803 nostris
847 2767 1066 2803 iussionibus
1096 2767 1260 2811 audiunt,
1292 2768 1354 2804 ubi
1375 2769 1450 2805 sive
1477 2769 1514 2804 in
1542 2768 1612 2804 bac
1639 2769 1682 2821 fe
1696 2769 1743 2804 ici
1769 2768 1857 2805 urbe
1886 2768 1961 2804 sive
1990 2768 2029 2803 in
2051 2767 2136 2804 aliis
2165 2767 2340 2804 eiusmodi
2369 2769 2459 2816 quid

236 2816 387 2861 eqerint,
411 2818 446 2850 et
464 2824 528 2850 eos
551 2814 617 2860 qui
636 2813 675 2849 in
698 2823 920 2849 assessorum
943 2823 1092 2849 numero
1116 2824 1191 2849 una
1210 2824 1290 2848 cum
1309 2813 1383 2849 illis
1405 2824 1537 2849 causas
1560 2813 1844 2858 audaunt,etiam
1864 2812 2096 2861 qravioribus
2114 2812 2245 2860 poenis
2293 2823 2456 2861 erseque-

236 2872 329 2904 mur,
360 2859 392 2895 si
421 2870 495 2895 non
524 2870 593 2905 per
626 2861 738 2894 totam
762 2857 930 2905 deinceps
958 2858 1054 2894 litem
1083 2858 1156 2905 ipsi
1184 2869 1265 2894 cum
1296 2858 1372 2894 suis
1402 2858 1645 2895 assessoribus
1675 2869 1823 2895 causam
1851 2857 2014 2894 audiant.
2061 2857 2156 2893 Nam
2180 2861 2216 2894 et
2263 2858 2457 2904 tqnitatum

237 2905 465 2942 amissionem
487 2903 533 2939 iis
554 2903 734 2939 minamur
756 2907 792 2939 et
811 2914 966 2950 poenam
989 2903 1118 2949 viqinti
1141 2903 1314 2939 librarum
1338 2904 1432 2946 auri,
1461 2907 1497 2940 et
1519 2904 1763 2940 assessoribus
1789 2914 1914 2940 eorum
1938 2903 2026 2949 fore
2057 2906 2098 2938 ut
2121 2913 2170 2939 ex
2193 2903 2275 2949 ipsa
2298 2903 2454 2948 civitate,

237 2952 275 2986 in
299 2962 373 2998 qua
397 2949 485 2986 haec
507 2949 658 2996 eqerint,
682 2947 916 2995 eaepellantur
939 2951 1048 2994 atque
1071 2948 1220 2995 insuper
1243 2949 1363 2984 notati
1378 2949 1558 2995 propriae
1579 2949 1860 2986 existimationis
1882 2948 2060 2983 iacturam
2078 2947 2232 2993 saciant.

278 3046 299 3078 6
314 3043 459 3088 ἐφέσεις]
472 3038 534 3075 τὰς
544 3036 627 3073 κατ’
644 3036 767 3073 αὐτῶν
779 3040 856 3073 add.
866 3039 918 3073 B!
930 3038 943 3083 ΙΙ
962 3040 1053 3084 ἐφίει
1064 3041 1113 3074 B⁸
1129 3038 1141 3079 ΙΙ
1162 3042 1179 3073 7
1192 3039 1311 3081 τοῦτο]

237 3091 352 3126 haece
369 3087 382 3132 ΙΙ
407 3090 449 3121 10
472 3083 608 3127 αὐτῶν]
633 3081 831 3129 παρόντων
845 3085 876 3117 L
902 3084 914 3127 ΙΙ
942 3086 980 3119 11
1007 3084 1128 3127 viginti
1150 3084 1313 3118 librarum

238 3136 313 3169 auri
325 3135 382 3175 Μ]
399 3132 510 3166 εἴκοσι
526 3129 662 3176 λιτρῶν
677 3132 820 3175 χρυσίου
834 3130 880 3163 M
883 3142 910 3163 s.
919 3141 960 3170 v.,
973 3130 1023 3162 13⁶
1044 3129 1154 3163 εἴκοσι
1169 3132 1313 3174 χρυσίου

238 3179 373 3226 λιτρῶν
386 3177 471 3212 LBs
483 3176 496 3222 ΙΙ
517 3178 558 3211 12
570 3172 853 3221 ἀφηρημένωνὶι
870 3174 883 3217 ΙΙ
906 3175 1023 3215 τοῦτο]
1046 3175 1112 3207 tale
1130 3174 1257 3216 aliquid
1270 3173 1306 3220 ςΙ

241 3228 338 3270 1200.
353 3221 564 3269 ἐθάρρησαν
582 3233 610 3255 π
633 3220 755 3254 ἀττειν
768 3221 799 3254 L
818 3220 830 3264 ΙΙ
856 3221 898 3253 14
913 3219 977 3252 τοῦ
994 3219 1082 3260 τῶν]
1103 3218 1245 3253 τούτων
1259 3220 1306 3264 ΕΙ

243 3275 282 3306 15
296 3269 532 3304 καθεστῶσιν
540 3267 592 3301 Bt
613 3268 618 3311 Ι
645 3268 686 3300 16
700 3266 809 3299 (1000111
821 3264 982 3298 librarum
998 3265 1072 3297 auri
1082 3265 1141 3305 M]
1163 3261 1247 3298 δέκα
1265 3262 1313 3297 λι-

238 3316 338 3361 τρῶν
360 3316 504 3360 χρυσίου
528 3313 661 3354 Ms.v.,
681 3311 751 3344 ΕΒ
780 3310 793 3356 ΙΙ
824 3312 863 3344 17
890 3306 945 3343 δεῖ
964 3310 1078 3361 ΕῌῙς]
1111 3306 1156 3351 δὴ
1182 3310 1273 3362 Μξῦ
1303 3309 1315 3352 ΙΙ

240 3365 278 3396 21
306 3357 471 3406 μελλήσει
495 3359 527 3393 L
553 3358 566 3403 ΙΙ
588 3357 654 3401 τῷ]
679 3355 721 3390 τὸ
746 3357 792 3390 Μ
810 3355 823 3400 [1
853 3356 896 3389 22
919 3357 1112 3399 πριβατων
1135 3356 1172 3395 (s.
1187 3367 1215 3387 v.
1237 3366 1314 3407 ητρι

240 3405 455 3449 ἰδιοκτήτων
468 3406 528 3447 M)
542 3404 626 3444 ML]
652 3398 865 3444 ἰδιοκτήτων
877 3400 914 3434 Β
931 3399 943 3443 ΙΙ
967 3401 1008 3433 23
1030 3398 1223 3440 τίθεσθαι]
1247 3412 1314 3452 την

241 3451 483 3497 προςὴκουσαν
495 3448 677 3484 τίθεσθαι
691 3446 742 3481 B!
753 3446 766 3487 ΙΙ
785 3447 826 3481 25
841 3446 895 3479 τῶ
908 3442 1070 3488 δημοσίω
1084 3446 1160 3486 Lts)
1179 3443 1192 3489 ΙΙ
1215 3447 1312 3497 3οητο

241 3499 325 3539 πᾶν]
348 3507 461 3530 causas
477 3508 496 3532 ς
514 3494 526 3540 ss
543 3496 582 3529 31
602 3490 770 3527 δικαστὰς
793 3505 851 3526 0m.
865 3503 884 3528 ς
907 3491 920 3532 ΙΙ
942 3491 1009 3533 μὲν
1033 3503 1091 3524 om.
1105 3490 1137 3523 L
1154 3490 1166 3533 ΙΙ
1190 3490 1234 3523 32
1254 3502 1312 3533 αρ·

240 3545 372 3585 χοντες]
388 3543 527 3584 ἔχοντες
535 3540 628 3582 ΒΓ(ς)
646 3539 659 3583 ΙΙ
677 3539 719 3573 33
732 3533 754 3581 ἣ
767 3538 838 3579 ἐπὶ]
855 3536 886 3570 εἰ
899 3536 959 3589 ἐπὶ
968 3531 1045 3589 ΒΓΙἹΙ
1063 3537 1105 3569 34
1119 3534 1290 3580 ἑτέροιςὶι
1303 3535 1314 3576 Η

243 3591 284 3624 35
310 3585 433 3622 αὐτῶν
458 3588 509 3621 Β12
524 3586 536 3630 ΙΙ
565 3588 731 3629 μέτειμεν
754 3584 786 3617 L
809 3582 822 3627 n
849 3583 890 3617 37
915 3591 1166 3626 ακροασωνται
1190 3581 1227 3614 Β
1236 3581 1292 3632 (ετ)υ
1303 3579 1315 3624 ΙΙ

242 3636 286 3668 38
302 3635 368 3680 γὰρ
385 3647 444 3667 om.
456 3633 488 3666 L
504 3631 517 3675 ΙΙ
542 3633 585 3666 39
598 3629 720 3673 viginti
734 3629 864 3662 libratu
881 3628 956 3661 auri
970 3627 1027 3669 M,
1052 3625 1162 3660 εἴκοσι
1181 3624 1315 3670 λιτρων

242 3683 385 3726 χρυσίου
405 3679 539 3720 Ms.v.,
554 3677 623 3711 LB
647 3676 660 3721 ΙΙ
685 3678 728 3710 40
749 3675 803 3718 τὸ]
825 3674 880 3721 τῷ
904 3674 955 3708 B⁶
979 3672 992 3718 ΙΙ
1019 3674 1058 3707 41
1086 3672 1146 3715 τῆς
1170 3685 1227 3706 om.
1243 3673 1280 3706 B
1302 3672 1315 3717 ΙΙ

1380 3041 1423 3074 42
1449 3040 1628 3082 ἐπιτιμίας
1650 3052 1732 3074 corr.
1747 3052 1786 3074 ex
1809 3041 2042 3082 ἐπιοσνομίας
2061 3038 2093 3072 L
2114 3039 2230 3082 (τιμῆς
2244 3052 2270 3072 s.
2284 3053 2313 3074 υ.
2327 3039 2389 3083 L’)

1426 3132 1446 3164 6
1469 3130 1532 3162 hoc
1555 3130 1641 3173 vulq.
1670 3128 1684 3173 fl
1713 3129 1754 3162 12
1779 3129 1909 3161 auocati
1942 3129 2010 3162 VT
2033 3128 2046 3172 ΙΙ
2073 3128 2141 3161 sint
2173 3128 2250 3170 VT]
2286 3132 2366 3161 011111
2389 3131 2422 3163 R

1384 3177 1425 3210 14
1447 3176 1527 3207 sunt
1538 3174 1583 3216 R]
1607 3174 1676 3207 sint
1695 3172 1764 3207 VT
1782 3172 1795 3217 ΙΙ
1829 3175 1869 3207 15
1892 3172 1947 3206 ’si
1971 3173 2103 3215 quidem
2129 3174 2205 3208 libri
2218 3172 2232 3218 ΙΙ
2249 3173 2374 3207 habent
2395 3132 2457 3221 VH

1383 3222 1424 3255 16
1448 3229 1502 3253 000
1526 3218 1632 3253 om.R
1661 3217 1674 3262 ΙΙ
1704 3219 1744 3253 18
1769 3220 1807 3250 111
1832 3218 1892 3260 ΒἾ
1925 3221 1963 3251 ut
1987 3228 2187 3261 quamquam
2209 3219 2294 3252 VT·
2330 3221 2369 3252 ut
2392 3230 2455 3253 un-

1381 3275 1479 3307 quam
1499 3263 1551 3297 Β2
1560 3263 1611 3298 1⁷²
1628 3263 1640 3307 ΙΙ
1663 3262 1834 3296 *falsitate
1859 3265 1984 3307 (possis
2001 3265 2094 3298 etiam
2114 3263 2339 3306 falsitatibus)]
2364 3264 2454 3299 falsi-

1382 3310 1459 3342 tatis
1477 3308 1589 3387 Ιίὀήιῃ7
1601 3311 1640 3344 19
1659 3308 1747 3341 enim
1766 3309 1831 3341 erit
1852 3309 1906 3353 Vss
1923 3308 2107 3351 gloriosimi
2120 3310 2153 3343 R
2176 3309 2376 3350 gloriossimi
2398 3310 2456 3354 Vn

1382 3357 1422 3390 21
1447 3364 1534 3397 pena
1607 3353 1620 3397 ΙΙ
1647 3355 1689 3389 23
1714 3353 1891 3397 compleret
1915 3354 1960 3395 R]
1991 3354 2154 3397 complere
2176 3355 2259 3394 VT;
2286 3356 2346 3399 109.
2368 3365 2455 3389 com-

1380 3398 1508 3443 plebit?
1538 3398 1551 3444 ΙΙ
1582 3400 1624 3433 28
1647 3399 1792 3433 iusiones
1823 3399 1858 3433 V
1879 3398 1893 3443 ΙΙ
1924 3401 1966 3434 30
1992 3400 2038 3433 Ut
2061 3399 2273 3442 magistratus
2293 3400 2454 3433 Constan·

1382 3444 1603 3487 tinopolitane
1632 3444 1780 3477 ciuitatis
1810 3444 1847 3477 in
1879 3445 2158 3479 conuentionibus
2187 3446 2285 3479 certis
2317 3445 2456 3479 audiant

1382 3490 1523 3531 (adiiant
1539 3503 1576 3524 m.
1591 3492 1618 3532 1)
1642 3492 1675 3523 et
1696 3490 1894 3523 sententiam
1911 3491 2064 3532 (sentiam
2085 3504 2124 3524 m.
2135 3492 2160 3533 1)
2182 3490 2297 3524 dicant
2321 3491 2453 3525 Erubr.

1381 3537 1414 3569 in
1438 3548 1538 3580 mar-9.
1564 3537 1616 3578 (ex
1628 3535 1706 3577 Iul.)
1774 3535 1818 3569 32
1842 3537 1900 3568 aut
1924 3536 1959 3568 in
1984 3537 2058 3578 hac]
2089 3539 2199 3569 autem
2222 3537 2260 3568 in
2283 3537 2345 3569 hac
2369 3535 2418 3570 Β·
2441 3534 2454 3579 Ι

1381 3583 1425 3616 34
1449 3580 1567 3622 adhuc]
1601 3590 1676 3614 cum
1698 3590 1718 3613 a
1765 3590 1806 3614 110
1828 3581 1862 3614 V
1879 3581 1891 3624 ΙΙ
1920 3582 1962 3616 35
1987 3583 2224 3623 consequenter
2246 3581 2308 3622 R¹J
2340 3590 2453 3614 001100-

1381 3628 1519 3668 quentes
1539 3624 1684 3669 VR²Tn
1707 3627 1750 3660 36
1763 3626 1842 3669 ipsis
1863 3626 1909 3659 V¹
1926 3626 1939 3670 ΙΙ
1965 3625 2215 3660 consiliariariis
2234 3625 2290 3670 Vn
2314 3627 2355 3660 37
2370 3625 2453 3658 11ἰοί-

1381 3682 1500 3706 narum
1523 3671 1580 3717 Vss
1603 3672 1646 3706 38
1665 3671 1739 3705 auri
1760 3671 1920 3706 librarum
1939 3671 1972 3705 R
1996 3673 2009 3717 u
2032 3674 2075 3707 39
2094 3671 2188 3716 pelli]
2208 3670 2363 3714 compelli
2375 3671 2410 3704 R
