2592 3840
268 67 377 111 Nov.
401 69 500 112 XCI
533 73 567 112 1.
596 71 623 111 2
1341 68 1428 116 456

269 192 390 225 φαμεν
413 177 476 214 οὐκ
500 177 711 226 ἀγνοοῦντες
730 176 779 214 οἷς
794 175 910 222 δήπου
933 182 993 214 καὶ
1008 179 1069 214 ἑτέ
1090 180 1166 215 ωθι
1185 181 1247 225 τῆς
1264 179 1347 226 ἠμε·
1415 182 1636 227 ignorantes,
1669 184 1835 228 quoniam
1865 184 1936 220 iam
1964 188 2000 221 et
2025 185 2064 221 in
2094 185 2165 222 alia
2188 186 2340 232 quadam
2361 190 2486 224 nostra

269 228 372 270 τέρας
401 226 621 269 νομοθεσίας
651 225 768 258 ταῦτα
799 222 1004 270 διώρισται,
1040 221 1063 258 ἀ
1085 222 1120 259 λ’
1152 224 1347 274 ἐπειδήπερ
1415 227 1636 271 legislatione
1666 228 1755 264 haec
1787 229 2023 275 decrevimus,
2054 231 2118 266 sed
2148 232 2314 276 quoniam
2342 233 2484 269 omnino

269 265 362 304 ὅλως
385 275 566 313 κεκίνηται
590 266 680 315 παρ)
700 266 787 311 ἡμῖν
805 273 867 303 καί
881 281 982 303 τινας
998 271 1101 313 ἔσχεν
1121 267 1346 318 ἀλλοιοτέρας
1415 276 1548 307 motum
1588 276 1644 309 est
1682 274 1779 318 apud
1819 285 1885 310 nos
1927 277 1963 310 et
1999 276 2170 320 quasdam
2209 276 2334 313 habuit
2365 277 2484 323 aliquo

268 314 311 347 τὸ
336 316 487 361 πρᾶγμα
510 313 682 357 ζητήσειε,
706 311 766 347 διὰ
786 315 895 348 τοῦτο
918 318 978 348 καὶ
1002 315 1050 349 εἰς
1073 314 1142 359 τὴν
1164 317 1230 351 τοῦ
1253 330 1344 363 παρ·
1414 317 1518 352 modo
1542 327 1652 354 causa
1675 319 1913 364 quaestiones,
1948 323 2139 366 propterea
2161 323 2198 357 et
2219 321 2265 357 ad
2288 322 2484 367 praesentis

268 358 371 394 ὀντος
394 358 507 404 νόμου
531 363 653 402 χρείαν
677 355 906 404 ἀφικόμεθα,
930 356 994 402 οὐχ
1016 360 1078 394 ἵνα
1101 361 1168 396 νῦν
1190 375 1228 395 τι
1247 364 1345 407 προῦ-
1381 362 1500 406 5legis
1532 373 1623 407 opus
1653 364 1888 407 accessimus,
1922 375 1994 400 uon
2025 369 2066 400 ut
2095 376 2190 401 nunc
2220 367 2353 412 aliquid
2384 368 2484 413 prius

267 417 335 438 τον
358 405 683 448 νομοθετήσωμεν,
708 402 790 438 ἀλλ’
818 404 879 439 ἵνα
901 407 1124 452 σαφέστερον
1148 403 1236 441 αὐτὸ
1255 409 1344 443 πᾶσι
1413 407 1682 451 sanciverimus,
1717 409 1781 445 sed
1811 413 1851 445 ut
1883 409 2067 446 clariorem
2097 420 2175 446 eam
2206 411 2368 448 omnibus
2399 422 2485 448 con-

268 448 560 492 καταστήσωμεν.
1412 453 1650 489 stitueremus.

1739 85 1800 117 ΠΤ
1827 85 2082 119 ExAcTIONn
2109 87 2328 120 INSTANTE
2354 87 2486 120 Do'ms

1266 541 1427 579 CAPUT
1452 541 1498 577 11.

313 590 468 627 Κάκεῖνό
492 607 533 640 γε
555 594 627 639 μὴν
650 595 864 640 προς-θεῖναι
885 596 938 639 τῷ
964 594 1066 641 νόμῳ
1091 595 1220 641 καλόν,
1252 594 1344 644 ὅπερ
1468 598 1562 633 Illud
1586 608 1726 643 quoque
1748 599 1889 636 adicere
1920 600 1989 645 legi
2011 600 2144 636 bonum
2168 604 2240 645 est,
2272 601 2367 646 quod
2389 604 2486 638 mota

267 639 458 681 κινηθεῖσα
482 638 624 683 ζήτησις
655 638 788 683 ὁμοίως
818 639 1016 687 ἀναγκαῖον
1045 639 1132 685 ἡμῖν
1160 643 1208 677 εἰς
1237 656 1342 688 νομο-
1412 643 1572 688 quaestio
1596 643 1754 680 Similiter
1772 646 2013 681 necessarium
2037 647 2141 682 nobis
2165 647 2211 681 ad
2229 646 2485 691 legislationem

267 685 401 717 θεσιάν
424 685 602 727 ἐποίησεν.
650 686 681 718 εἰ
703 685 773 732 γὰρ
798 685 978 732 έποφείλει
1001 690 1132 722 ποοῖκα
1154 687 1255 734 γυνή,
1284 691 1344 722 καὶ
1359 688 1508 723 lofecit.
1558 688 1595 723 Si
1617 689 1710 724 enim
1734 689 1861 725 debeat
1889 690 2006 726 dotem
2029 691 2165 734 mulier,
2197 695 2233 727 et
2258 691 2321 726 illa
2344 691 2485 737 quidem

265 727 287 771 ἡ
311 730 377 771 μὲν
401 726 528 763 δοῦναι
551 729 760 774 βουληθείη,
786 728 875 774 αὐτὴ
900 731 1007 774 τυχὸν
1028 719 1053 776 ἦ
1075 730 1095 766 ὁ
1120 730 1212 778 ὑπὲρ
1236 730 1344 777 αὐτῆς
1412 733 1496 768 dare
1519 733 1687 776 voluerit,
1721 734 1802 779 ipsa
1831 735 1954 771 forsan
1984 737 2047 770 aut
2077 736 2139 781 qui
2169 747 2234 781 pro
2258 746 2302 772 ea
2324 737 2486 782 promisit

266 770 508 818 παρεχόμενος
531 771 655 818 αὐτήν,
680 771 773 809 ὅςτις
796 778 887 810 ποτὲ
909 773 957 810 ἂν
975 777 1028 820 εἴη
1048 774 1071 821 ἢ
1090 778 1167 812 τῶν
1189 776 1344 825 ἐγγύθεν
1412 778 1518 820 illud,
1552 778 1763 824 quicumque
1785 779 1894 815 fuerit
1921 783 1985 816 aut
2006 781 2248 825 proximorum
2281 787 2345 817 aut
2368 785 2486 817 extra·

264 818 287 861 ἢ
303 820 381 853 τῶν
397 819 554 860 ἔξωθεν,
579 817 667 854 ‹iis-w
683 818 705 863 ἧ
722 820 957 865 proiecticiav
972 818 994 865 ἢ
1011 822 1236 858 adventiciam
1251 824 1344 857 εἶναι
1412 833 1575 865 neotum,
1607 825 1682 869 (ut)
1709 828 1773 859 aut
1797 824 2005 869 proiecticia
2034 830 2098 861 aut
2120 826 2318 862 adventicia
2348 827 2396 862 sit
2419 826 2485 862 dos

265 864 333 906 τὴν
356 868 487 921 προῖκα
510 865 641 905 (ταῦτα
670 863 714 908 δὴ
745 866 793 899 τὰ
822 867 885 900 τοῦ
917 865 1029 921 νόμον
1055 865 1228 913 ῥήματα),
1262 866 1281 902 ὁ
1308 867 1347 902 δὲ
1413 869 1515 910 (haec
1548 868 1641 903 enim
1671 868 1758 914 legis
1789 870 1897 905 verba
1927 873 2040 914 sunt);
2076 871 2130 906 vir
2158 875 2292 914 autem,
2323 875 2387 907 aut
2409 871 2486 908 eius

266 906 358 954 ἀνὴρ
381 919 402 952 η
427 908 447 943 ὁ
471 909 599 944 τούτου
623 911 745 955 πατὴρ
773 911 884 954 τυχὸν
906 908 930 955 ἢ
955 923 974 946 ο
1000 911 1149 948 πάππος
1173 911 1345 954 ὑποδέξα-
1363 918 1400 949 15
1414 918 1515 958 pater
1544 913 1697 949 forsitan
1728 917 1792 950 aut
1821 924 1909 950 avus
1934 915 2114 961 suscipere
2142 926 2221 952 eam
2243 917 2370 960 nollet,
2400 926 2485 962 pars

266 954 359 987 σθαι
382 953 521 998 ταύτην
543 955 593 1000 μὴ
620 955 854 999 βουληθεῖεν,
884 957 927 991 τὸ
960 955 1001 991 δὲ
1022 959 1085 1001 τῆς
1106 959 1271 1005 γυναικὸς
1292 961 1346 992 έκ-

264 999 486 1047 μαρτύρεται
502 1004 614 1046 μέρος,
635 1005 695 1034 καὶ
711 1002 862 1046 ἑτοίμως
876 1003 947 1044 ἔχει
963 1001 1100 1046 ταύτην
1115 1003 1345 1047 καταβαλεῖν,
1414 1014 1493 1039 vere
1529 1008 1593 1039 aut
1623 1003 1729 1039 etiam
1759 1005 1892 1050 aliquid
1928 1005 2041 1040 maius
2072 1016 2259 1051 peragere,
2294 1009 2331 1042 et
2358 1005 2486 1042 offerat

265 1043 288 1087 ἢ
312 1048 374 1078 καί
401 1058 437 1080 τι
466 1048 591 1090 μεῖζον
621 1044 765 1092 πράξειε
795 1050 856 1080 καὶ
886 1047 1102 1095 προςαγάγοι
1133 1050 1243 1091 τυχὸν
1274 1053 1344 1092 καί,
1414 1049 1548 1092 forsan,
1572 1052 1609 1084 et
1632 1050 1663 1084 si
1690 1049 1828 1085 mobilis
1854 1050 1911 1092 sit,
1936 1050 2121 1095 signacula
2142 1052 2248 1086 etiam
2267 1051 2428 1097 imponat
2449 1056 2487 1087 et

265 1090 301 1123 εἴ
318 1102 359 1136 γε
379 1091 505 1134 κινητὴ
530 1090 770 1135 καθεστήκοι,
801 1095 861 1126 καὶ
885 1090 1084 1139 σφραγῖδας
1114 1094 1262 1137 ἐπιθείη
1286 1097 1346 1127 καὶ
1414 1094 1609 1130 secundum
1632 1094 1743 1139 legem
1766 1095 1945 1138 recondat,
1969 1099 2033 1131 aut
2055 1096 2249 1132 secundum
2273 1107 2380 1132 unam
2401 1106 2485 1142 par-

265 1135 356 1169 κατά
389 1136 456 1170 τὸν
479 1135 595 1180 νόμον
625 1134 831 1179 ἀπόθοιτο,
864 1135 885 1180 ἢ
908 1141 969 1171 καὶ
988 1138 1081 1173 κατὰ
1104 1143 1192 1183 μίαν
1215 1142 1346 1185 μοῖραν
1359 1141 1401 1174 20
1414 1143 1484 1174 tem
1515 1140 1714 1184 ingrediens
1744 1140 1782 1175 in
1805 1140 1972 1175 iudicium
2002 1144 2103 1185 petat
2123 1142 2212 1177 haec
2234 1141 2315 1178 fieri
2347 1144 2384 1178 et
2404 1151 2485 1187 per-

265 1179 447 1224 εἰς-βάλλον
476 1182 525 1216 εἰς
557 1179 791 1226 δικαστήριον
821 1181 918 1223 ἀξιοῖ
937 1183 1053 1217 ταῦτα
1075 1183 1252 1230 γενέσθαι
1285 1187 1345 1218 καὶ
1413 1188 1535 1229 gentes
1556 1194 1599 1220 ex
1614 1185 1745 1220 iudicio
1771 1185 1911 1230 quidam
1936 1186 2145 1222 denuntient
2166 1187 2257 1222 haec
2280 1186 2327 1223 ad
2346 1189 2486 1233 partem

265 1223 458 1270 διαβάντες
482 1228 520 1260 ἐκ
542 1229 608 1261 τοῦ
633 1225 805 1261 δικαστοῦ
828 1239 923 1262 τινες
952 1225 1208 1275 ἀπαγγείλειαν
1230 1230 1346 1263 ταῦτα
1413 1231 1496 1271 viri,
1527 1232 1566 1265 at
1595 1230 1656 1265 ille
1679 1234 1887 1275 permaneat
1909 1230 2016 1266 etiam
2037 1231 2089 1266 ita
2113 1231 2293 1276 differens,
2325 1243 2398 1268 non
2420 1242 2484 1278 po·

265 1272 356 1315 πρὸς
386 1271 429 1305 τὸ
459 1273 524 1306 τοῦ
557 1269 691 1316 ἀνδρὸς
722 1275 841 1318 μέρος,
879 1275 1044 1321 έπιμείνῃ
1076 1271 1116 1308 δὲ
1146 1277 1206 1308 καὶ
1231 1272 1346 1308 οὕτως
1413 1275 1496 1310 terit
1525 1275 1641 1311 soluto
1674 1275 1894 1311 matrimonio
1918 1279 2051 1312 antenu
2075 1277 2170 1312 tialis
2198 1277 2400 1314 donationis
2423 1286 2484 1312 ex-

265 1315 582 1361 άναβαλλόμενον·
605 1318 653 1361 μὴ
677 1315 866 1352 δύνασθαι
889 1317 1126 1353 διαλυθέντος
1144 1320 1209 1353 τοῦ
1231 1318 1344 1365 γάμου
1412 1320 1586 1355 actionem
1621 1320 1799 1356 declinare
1832 1323 2014 1366 tamquam
2076 1326 2134 1358 ote
2167 1332 2239 1358 non
2274 1322 2370 1358 data.
2417 1321 2486 1366 Qui

263 1362 333 1404 τὴν
355 1363 419 1405 τῆς
442 1367 681 1418 προγαμιαίας
705 1361 841 1408 δωρεᾶς
871 1365 1009 1398 ἔκτισιν
1032 1363 1206 1398 ἐκκλίνειν
1229 1362 1276 1399 αἱς
1300 1363 1343 1407 δὴ
1358 1367 1399 1400 25
1413 1366 1504 1400 enim
1529 1365 1614 1400 dare
1636 1366 1764 1408 voluit,
1797 1366 1880 1402 dum
1908 1367 2172 1412 perceptionem
2199 1371 2342 1404 recusat
2364 1367 2396 1403 is
2425 1366 2487 1412 qui

265 1406 411 1453 προικὸς
446 1421 509 1441 ουκ
542 1406 784 1450 ἐπιδοθείσης.
832 1405 852 1442 ὁ
884 1408 951 1454 γὰρ
985 1407 1112 1443 δοῦναι
1141 1409 1344 1453 βουληθείς,
1413 1411 1594 1455 suscipere
1624 1411 1843 1456 postulatur,
1879 1411 2063 1456 proximus
2094 1415 2149 1448 est
2179 1412 2288 1448 danti.
2337 1412 2388 1448 Et
2416 1412 2486 1448 hoc

265 1454 305 1486 ἐν
328 1453 358 1495 ιρ
383 1452 452 1496 τὴν
475 1452 586 1497 λῆψιν
609 1451 628 1486 ὁ
661 1452 862 1498 λαμβάνειν
889 1451 1085 1498 ἠξιωμένος
1104 1458 1344 1499 παραιτεῖται,
1415 1466 1494 1490 cum
1524 1456 1603 1492 aliis
1637 1457 1675 1491 in
1707 1455 1790 1492 dote
1819 1457 1947 1492 valeat.
1995 1456 2095 1493 Sicut
2124 1457 2218 1493 enim
2250 1458 2320 1494 nisi
2348 1457 2487 1494 dederit

265 1495 516 1541 παραπλήσιός
538 1499 615 1532 ἐστι
636 1500 689 1541 τῷ
711 1496 894 1533 δεδωκότι.
941 1502 1002 1533 καὶ
1025 1499 1131 1534 τοῦτο
1154 1500 1246 1543 μετὰ
1267 1501 1346 1534 τῶν
1414 1511 1478 1545 per
1506 1501 1709 1536 dilationem
1741 1502 1878 1544 dotem,
1914 1503 2136 1546 negationem
2166 1503 2201 1538 ei
2231 1502 2485 1548 antenuptialis

265 1541 388 1576 ἄλλων
412 1544 472 1577 ἐπὶ
503 1544 567 1586 τῆς
596 1543 743 1590 προικὸς
773 1547 961 1589 κρατείτω.
1009 1542 1126 1589 ὥςπερ
1148 1545 1218 1601 γὰρ
1241 1545 1273 1579 εἰ
1295 1545 1345 1590 μὴ
1414 1546 1614 1582 donationis
1639 1546 1833 1591 inferimus,
1865 1548 1915 1582 ita
1939 1548 1992 1583 vel
2013 1548 2044 1583 si
2066 1548 2216 1584 volueris:
2239 1549 2324 1585 dare
2346 1551 2383 1584 et
2406 1557 2483 1594 per-

265 1586 343 1631 δοίη
367 1586 459 1622 καθ’
486 1585 687 1633 ὑπέρθεσιν
710 1590 780 1632 τὴν
811 1591 958 1634 προῖκα,
989 1588 1140 1635 ἄρνησιν
1169 1591 1260 1636 αυτῇ
1283 1591 1346 1634 τῆς
1358 1593 1400 1626 30

266 1636 505 1679 προγαμιαίας
529 1631 665 1679 δωρεᾶς
687 1631 921 1680 ἐπηγάγομεν,
955 1631 1050 1668 οὕτω
1076 1633 1142 1668 κᾶν
1166 1636 1196 1668 εἰ
1219 1634 1346 1679 βουλη-

1414 961 1532 994 autem
1562 959 1718 994 mulieris
1755 963 1975 995 contestetur
2009 966 2044 996 et
2072 965 2200 1005 parata
2234 961 2283 997 sit
2312 962 2383 998 hoc
2413 962 2484 998 sol-

332 1726 418 1758 Ante
441 1738 467 1758 c.
490 1724 534 1757 II
554 1726 586 1757 z'n
612 1724 643 1756 L
668 1731 698 1757 et
721 1724 757 1757 B
782 1725 932 1759 insertum
958 1732 1006 1758 est
1028 1726 1174 1759 novellae
1197 1725 1242 1760 II
1261 1738 1332 1769 cap.
1360 1729 1379 1760 5
1405 1727 1454 1770 (p.
1472 1728 1523 1768 17,
1538 1728 1656 1768 6—30);
1690 1729 1819 1768 pariter
1841 1728 1893 1762 illi
1917 1729 1982 1761 loco
2003 1729 2053 1771 (p.
2074 1730 2126 1770 17,
2150 1730 2265 1771 ¹0—25)
2298 1727 2487 1774 adiunyitur

266 1783 336 1814 cap.
352 1770 396 1803 II
415 1771 456 1809 (υ.
474 1772 513 1804 10
539 1768 569 1801 εἰ
594 1765 633 1801 δὲ
651 1765 672 1811 ἡ
689 1766 906 1823 μὲνδοῦναι
927 1768 1094 1817 βουληθῇ
1119 1769 1187 1823 τὴν
1211 1773 1341 1826 προῖκα
1366 1790 1406 1795 -
1431 1772 1474 1826 2¹8
1489 1771 1543 1814 τῷ
1567 1768 1755 1814 δεδωκότι)
1778 1774 1811 1806 in
1829 1774 1983 1826 Psochiro
1995 1775 2026 1815 9,
2040 1781 2088 1812 12;
2113 1774 2318 1819 Epanaqoqe
2335 1775 2388 1816 19,
2401 1781 2484 1808 2.-

264 1816 440 1850 1226-28
467 1827 504 1848 ex
527 1814 712 1847 Athanasw
737 1822 815 1848 catat
841 1816 894 1848 lab.
920 1817 1002 1860 περὶ
1026 1813 1217 1861 διαφορων
1240 1828 1539 1861 αναγνωσματων
1563 1818 1582 1859 ἓ
1602 1819 1643 1851 14
1664 1830 1699 1861 p.
1714 1819 1777 1852 195
1802 1818 1928 1851 Ηειηιὸ.

264 1893 372 1928 etiam
395 1893 432 1926 in
456 1892 531 1927 alia
549 1895 662 1938 parte
684 1897 833 1928 nostrae
856 1893 1096 1940 leqislationis
1119 1905 1163 1929 ea
1187 1894 1336 1939 definita
1359 1905 1435 1930 esse
1443 1907 1457 1935 ;
1491 1895 1555 1930 sed
1578 1896 1750 1941 quoniam
1774 1895 1919 1930 omnino
1950 1894 2052 1942 apud
2080 1906 2149 1931 nos
2175 1907 2237 1932 res
2265 1899 2407 1943 aquata
2433 1902 2485 1934 est

264 1943 299 1974 et
324 1939 445 1973 varias
468 1936 645 1983 quasdam
669 1938 898 1983 quaestiones
921 1943 975 1974 est
993 1939 1198 1985 complexa,
1215 1943 1419 1986 propterea
1442 1940 1549 1975 etiam
1572 1939 1623 1975 ad
1638 1941 1845 1986 praesentis
1868 1940 1958 1986 leqis
1981 1941 2225 1977 necessitatem
2241 1942 2481 1988 pervenimus,

265 1994 337 2019 non
358 1987 401 2018 ‚ut
425 1993 521 2018 nune
540 1983 700 2028 primum
724 1982 865 2028 aliquid
886 1984 1116 2026 sanciremus,
1140 1984 1205 2019 sed
1227 1990 1267 2019 ut
1290 1984 1519 2030 manifestius
1542 1984 1581 2020 id
1604 1985 1767 2021 omnibus
1789 1984 2030 2021 redderemus.

399 2028 447 2063 11.
503 2026 625 2063 Verum
654 2027 747 2062 illud
802 2039 920 2074 uoque
951 2029 1026 2075 leqi
1054 2029 1199 2065 adicere
1224 2040 1300 2076 par
1329 2034 1397 2071 est,
1429 2029 1530 2076 quod
1557 2034 1598 2065 ut
1628 2030 1707 2076 leqe
1736 2031 1986 2072 constituatur,
2019 2031 2182 2076 quaestio
2213 2035 2312 2068 mota
2335 2033 2485 2079 pariter

264 2074 367 2110 nobis
389 2073 630 2108 necessarium
654 2039 823 2108 reddicfit.
871 2072 913 2108 Si
935 2076 1029 2110 enim
1052 2073 1171 2110 dotem
1192 2075 1320 2110 mulier
1343 2074 1457 2117 debet,
1491 2075 1524 2109 si
1547 2075 1612 2111 illa
1636 2074 1778 2121 quidem
1809 2074 1899 2111 dare
1920 2085 1999 2110 eam
2023 2075 2177 2111 voluerit
2204 2075 2287 2122 ipsa
2307 2077 2410 2123 sorte
2430 2078 2487 2114 vel

264 2119 327 2165 qui
350 2129 428 2154 eam
449 2129 519 2165 pro
544 2119 626 2165 ipsa
644 2123 826 2164 praestat,
839 2119 994 2199 ffuicum
1022 2130 1066 2155 ue
1088 2120 1138 2155 sit
1158 2119 1232 2155 sive
1249 2120 1546 2166 propinquorum
1568 2121 1642 2156 sive
1665 2125 1942 2172 extraneorum,
1967 2121 2019 2156 ita
2038 2124 2079 2155 ut
2098 2124 2163 2156 aut
2178 2122 2399 2168 profecticia
2421 2127 2487 2160 aut

264 2164 466 2199 adventicia
488 2163 538 2198 sit
560 2163 626 2198 dos
644 2167 754 2209 (quae
776 2164 839 2209 qui
864 2175 918 2199 em
942 2131 1049 2200 ver-{a
1070 2168 1156 2199 sunt
1178 2164 1292 2210 leqis),
1324 2165 1379 2200 vir
1410 2169 1528 2201 autem
1560 2165 1617 2201 vel
1641 2166 1741 2210 forte
1769 2170 1877 2212 pater
1907 2175 1986 2200 eius
2015 2165 2072 2201 vel
2101 2177 2190 2201 avus
2219 2177 2298 2202 eam
2321 2168 2399 2204 acci
2424 2179 2486 2205 ere

263 2209 465 2250 noluerint,
498 2208 658 2243 mulieris
682 2219 766 2244 vero
785 2219 879 2255 pars
903 2209 1129 2245 testationem
1152 2210 1274 2255 faeiat
1295 2214 1331 2245 et
1347 2214 1487 2256 parata
1509 2211 1558 2246 sit
1580 2221 1659 2246 eam
1682 2210 1832 2253 solvere,
1863 2210 1919 2246 vel
1939 2210 1973 2244 si
1995 2210 2102 2246 etiam
2130 2211 2246 2247 maius
2269 2211 2384 2258 aliqui
2427 2213 2485 2260 fe-

263 2255 353 2290 cerit
376 2258 486 2300 atque
511 2253 680 2289 obtulerit
702 2254 804 2298 forte
827 2259 879 2296 et,
909 2254 942 2289 si
966 2255 1108 2300 quidem
1131 2254 1271 2290 mobilis
1294 2255 1358 2297 sit,
1390 2255 1523 2301 siyillis
1546 2266 1690 2308 quoque
1712 2255 1891 2302 impositis
1913 2255 2107 2290 seeundum
2131 2256 2244 2302 leqem
2265 2256 2484 2304 deposuerit,

265 2300 319 2335 vel
341 2310 390 2335 ex
413 2310 486 2334 una
509 2304 616 2345 parte
638 2298 810 2334 iudicium
833 2299 999 2345 inqressa
1017 2299 1107 2335 haec
1130 2305 1171 2334 ut
1186 2300 1283 2344 fiant
1302 2304 1407 2346 petat
1437 2304 1545 2347 atque
1568 2312 1591 2336 a
1614 2301 1733 2336 iudice
1755 2300 1854 2336 missi
1879 2300 2027 2346 quidam
2050 2300 2260 2337 denuntient
2279 2301 2369 2339 haee
2386 2304 2487 2350 parti

237 2349 241 2354 ”
264 2346 397 2385 mariti,
421 2355 536 2390 eaque
559 2345 611 2379 sie
631 2354 776 2390 quoque
793 2350 1001 2391 perseveret
1024 2346 1188 2391 accipere
1211 2345 1403 2391 differens:
1425 2357 1470 2381 ne
1480 2346 1600 2393 possit
1622 2346 1742 2381 soluto
1760 2346 1990 2381 matrimonio
2011 2345 2218 2382 donationis
2236 2351 2320 2384 ante
2338 2348 2487 2395 nuptias

264 2390 480 2425 solutionem
504 2389 686 2424 declinare
716 2393 898 2441 tamquam
929 2390 1013 2426 dote
1036 2401 1109 2425 non
1134 2389 1230 2426 data.
1278 2389 1349 2437 Qui
1372 2392 1465 2426 enim
1488 2391 1577 2427 dare
1600 2391 1730 2433 voluit,
1761 2401 1841 2425 cum
1871 2391 1934 2436 qui
1964 2390 2128 2437 accipere
2150 2391 2292 2428 iubetur
2320 2395 2488 2440 accipere

264 2439 426 2476 recusat,
458 2434 584 2469 similis
607 2438 662 2470 est
685 2435 719 2470 ei
741 2446 802 2480 qui
827 2435 935 2470 dedit.
985 2434 1034 2470 Et
1065 2435 1134 2471 hoe
1165 2446 1245 2470 eum
1267 2435 1419 2481 reliquis
1448 2437 1486 2471 in
1510 2436 1593 2472 dote
1616 2436 1744 2471 valeat.
1792 2434 2095 2487 Quemadmodum
2117 2437 2211 2472 enim
2234 2437 2267 2472 ei
2289 2437 2322 2473 si
2341 2448 2412 2490 per
2433 2438 2487 2474 di-

266 2481 434 2515 lationem
458 2479 575 2515 dotem
599 2490 673 2514 non
696 2479 848 2522 dederit,
882 2483 922 2515 ut
944 2481 1140 2526 deneqetur
1163 2480 1314 2516 donatio
1338 2484 1422 2516 ante
1444 2483 1592 2528 nuptias
1613 2481 1816 2523 statuimus,
1847 2481 1901 2516 ita
1924 2485 2031 2517 ettam
2054 2481 2087 2516 si
2109 2481 2199 2518 dare
2220 2481 2373 2519 voluerat
2397 2487 2431 2519 et
2454 2483 2488 2520 is

312 2573 331 2604 2
357 2566 447 2603 αὐτὰ
472 2570 522 2603 ΒΤ
536 2570 548 2614 ΙΙ
566 2567 769 2615 διώρισται]
798 2572 875 2604 C'od.
891 2572 1023 2613 8,1·1,12
1041 2571 1053 2615 ΙΙ
1072 2574 1091 2606 3
1107 2567 1344 2614 ἆλλοιοτέρας]

266 2617 379 2657 aliquo
403 2615 500 2647 modo
523 2618 558 2655 (i.
574 2629 600 2649 e.
623 2611 893 2659 ἄλλοιοτέρωςῖ)
918 2628 938 2652 ς
962 2616 974 2659 ΙΙ
1003 2618 1023 2649 6
1047 2612 1135 2649 αὐτὸ
1162 2618 1209 2657 Β]
1234 2613 1345 2650 αὐτὸν

269 2662 360 2696 ΛΙΕς
379 2659 391 2704 ss
408 2663 425 2693 7
446 2658 738 2702 καταστήσαιμεν
751 2661 787 2693 Β
803 2661 814 2704 ΙΙ
835 2663 854 2695 8
876 2657 1031 2694 Κάκεῖνό
1052 2674 1093 2707 γε
1112 2681 1152 2685 -
1172 2664 1212 2695 10
1225 2662 1343 2704 ἐποίη-

267 2717 330 2738 σεν
350 2718 407 2738 om.
420 2706 488 2738 LB
505 2704 517 2748 ΙΙ
540 2707 579 2738 10
602 2703 683 2750 γὰρ]
707 2707 832 2746 μέντοι
845 2707 914 2739 LB
930 2706 943 2750 ΙΙ
962 2707 1027 2740 έπο
1058 2705 1144 2739 είλοι
1165 2707 1216 2743 L5
1234 2711 1246 2750 ΙΙ
1265 2709 1303 2741 11
1321 2703 1345 2748 ἢ

268 2747 359 2792 αὐτὴ
381 2747 491 2791 τυχὸν
522 2750 576 2790 ΒΓ,
609 2763 666 2783 om.
690 2751 738 2783 B³
756 2751 871 2784 Proch.
893 2751 1002 2793 Epan.
1037 2753 1043 2795 Ι
1074 2751 1203 2793 ταύτης
1227 2752 1343 2785 Procli.

1412 2571 1633 2615 βαλλόμενος
1646 2573 1694 2605 B⁸
1703 2572 1812 2615 Epan.
1821 2573 1866 2613 (ς)
1886 2567 2155 2614 ἀναβαλόμενος
2166 2573 2198 2605 L
2218 2567 2486 2617 ἀμφιβαλλόμε·

1412 2627 1472 2650 νος
1486 2617 1535 2650 B!
1541 2618 1550 2639 ¹
1567 2618 1579 2661 ΙΙ
1596 2614 1637 2651 οὗ
1651 2613 1805 2650 δύναται
1814 2617 1923 2659 Εραη.
1939 2617 1952 2660 ΙΙ
1972 2618 2011 2651 25
2024 2617 2086 2659 τῆς
2098 2619 2337 2672 προγαμιξίας
2352 2613 2488 2664 δωρεᾶς

1412 2710 1482 2748 νος]
1514 2705 1583 2741 κᾶν
1606 2704 1626 2741 ὁ
1652 2705 1777 2750 λαβεῖν
1801 2703 2005 2750 ἀξιούμενος
2028 2707 2137 2750 Εραιι.
2164 2706 2178 2751 ΙΙ
2209 2708 2252 2742 28
2276 2707 2365 2749 ἐστι]
2394 2707 2486 2752 μετὰ

1412 2752 1490 2785 ἐστὶ
1502 2754 1551 2785 La
1576 2753 1677 2786 ἔσται
1700 2760 1729 2786 et
1751 2752 1845 2784 ἔστω
1861 2752 1978 2785 Procli.
1994 2764 2022 2785 υ.
2038 2754 2057 2785 l.
2081 2751 2094 2795 fl
2119 2753 2160 2786 31
2179 2748 2316 2797 δωρεᾶς
2331 2765 2389 2786 om.
2403 2752 2452 2786 ΒΙ
2473 2753 2485 2797 ΙΙ

1412 2661 1481 2705 τὴν
1504 2663 1642 2696 ἔκτισιν
1656 2664 1764 2705 Epan.
1783 2662 1795 2706 ΙΙ
1813 2658 1931 2704 δῆθεν
1944 2661 1993 2695 B*
2006 2675 2035 2695 v.
2050 2663 2071 2695 I.
2090 2662 2103 2706 ΙΙ
2120 2663 2159 2696 27
2176 2663 2217 2695 ἐν
2236 2674 2268 2704 ῳ
2281 2681 2323 2687 -
2335 2658 2492 2707 ἠξιωμέ-

268 2797 378 2838 Εραη.
395 2797 407 2837 ΙΙ
428 2796 469 2828 12
483 2790 607 2836 αὐτὴν]
626 2794 714 2827 illud
731 2808 750 2831 ς
765 2796 777 2838 ΙΙ
796 2790 907 2836 ὅστις]
929 2793 951 2837 ἢ
967 2792 1067 2829 ὅστις
1082 2796 1196 2829 Procli.
1209 2797 1318 2840 Epan.
1333 2796 1345 2839 ΙΙ

268 2839 315 2874 ἅν
338 2851 428 2874 ποτε
455 2839 504 2872 B!
529 2841 540 2880 Η
571 2836 593 2880 ἢ
615 2840 692 2872 τῶν
724 2839 879 2886 ἐγγύθεν
902 2859 945 2864 -
971 2843 1013 2874 14
1037 2839 1179 2885 ρ’ήματα
1210 2854 1269 2875 om.
1298 2843 1344 2874 3⁸

269 2887 398 2926 Procli„
423 2880 518 2917 ὥστε
542 2881 565 2925 ἢ
589 2904 629 2908 -
656 2882 797 2928 ῥήματα
823 2886 1003 2929 om.Epan.
1021 2888 1033 2927 n
1061 2887 1100 2919 13
1126 2883 1148 2928 ἢ
1171 2887 1344 2927 praefecti-

268 2931 343 2964 ciau
366 2927 388 2972 ἢ
412 2929 623 2962 aduentician
641 2930 682 2962 M
694 2932 748 2973 (cf.
763 2932 806 2971 ς),
830 2926 854 2971 ἢ
872 2929 971 2974 παρὰ
993 2930 1131 2975 πατρὸς
1154 2928 1346 2974 διδομένην

268 2974 291 3019 ἢ
307 2974 407 3018 παρὰ
425 2973 595 3014 ἐξωτικοῦ
614 2970 804 3017 διδομένην
820 2975 851 3007 L
875 2972 896 3016 ἢ
916 2974 1015 3018 παρὰ
1037 2977 1100 3007 τοῦ
1117 2976 1259 3017 ἔχοντος
1279 2976 1346 3018 τὴν

269 3019 379 3107 ’1‘230225
388 3015 679 3108 κῖςὲτηῖξῖζτὴῑ
695 3017 1239 3109 ἷῖρῂιῑὶἵῑιῖῑῖὸῗεδὲθῑῖῖῖ
1260 3021 1347 3099 522¹*

269 3078 352 3154 τηνῖ
385 3107 501 3153 αὐτὴν
532 3110 660 3152 Εραη.,
693 3123 751 3142 om.
779 3109 893 3142 Procli.
923 3111 935 3152 ΙΙ
966 3108 1130 3156 βουληθῇ
1157 3110 1207 3144 B!
1230 3112 1346 3145 Procli.

271 3158 380 3200 Epan.
395 3168 414 3193 ς
444 3159 457 3199 ΙΙ
484 3152 749 3199 έκμαρτύρηται
773 3155 881 3197 Epan.
897 3156 941 3195 (ς)
966 3155 978 3198 ΙΙ
1005 3157 1042 3189 17
1064 3158 1166 3199 μέρος
1189 3169 1246 3189 om.
1262 3156 1314 3191 ΒῙ
1335 3155 1348 3199 ΙΙ

270 3203 339 3244 ἔχει
349 3200 437 3234 MR*
453 3200 569 3234 Proch.
584 3201 707 3243 Epam]
729 3200 803 3240 ἔχοι
815 3199 913 3231 LB³r
919 3211 938 3235 ς
953 3199 964 3243 Η
978 3195 1090 3242 αὐτὴν
1103 3202 1213 3244 Epan.
1231 3201 1293 3235 hoc
1305 3214 1325 3238 ς
1336 3201 1348 3245 ΙΙ

270 3243 512 3290 καταβάλλειν
526 3245 643 3278 Procli.
657 3257 688 3278 v.
701 3246 721 3277 l.
738 3246 750 3287 ΙΙ
771 3245 812 3279 18
825 3243 980 3288 πράξειε]
1001 3255 1156 3287 peragere
1173 3247 1206 3286 (i.
1217 3259 1242 3279 ε.
1258 3245 1346 3290 πρά-

271 3292 382 3334 ξεινῩ)
402 3303 422 3327 ς
438 3291 450 3334 ΙΙ
468 3288 579 3335 προςά
602 3301 637 3323 οι
651 3290 766 3323 Procli.
781 3302 808 3322 υ.
824 3291 855 3329 L,
871 3290 916 3322 B¹
933 3289 945 3333 ΙΙ
973 3292 1013 3323 19
1033 3289 1182 3333 κινητὸν
1195 3290 1246 3324 B!
1259 3292 1271 3335 ΙΙ
1288 3294 1347 3324 καὶ

271 3333 469 3383 σφοαγῖδας
482 3336 550 3369 LB
594 3336 680 3369 roch.
694 3335 802 3378 Epan.
817 3335 847 3374 ς]
871 3335 930 3367 καὶ
951 3347 1009 3367 om.
1026 3335 1070 3367 M
1082 3336 1093 3374 ΙΙ
1110 3336 1152 3369 20
1172 3333 1194 3378 ἢ
1206 3338 1266 3368 καὶ
1278 3337 1347 3370 LB

274 3369 387 3415 Prien.
401 3382 522 3425 Epan.]
538 3377 560 3422 ἢ
574 3381 633 3416 Μς
649 3382 660 3422 ΙΙ
680 3381 718 3414 21
738 3377 930 3423 εἰσβάλλον
944 3380 999 3420 M]
1016 3378 1216 3423 εἰσβάλλων
1230 3381 1345 3414 Procli.

271 3424 451 3470 εἰσβαλὼν
464 3427 561 3460 B⁸L“
585 3423 754 3469 εἰσβαλόν
765 3423 862 3458 L⁰B¹
871 3425 980 3468 Epan.
993 3424 1005 3469 ss
1018 3426 1061 3458 22
1074 3422 1244 3458 δικαστοῦ
1260 3427 1301 3459 M
1303 3424 1346 3459 L¹³

276 3473 332 3514 Bt,
347 3473 463 3505 Proch.
474 3485 502 3505 υ.
514 3472 547 3512 L]
570 3468 796 3518 δικαστηρίου
810 3470 1034 3513 L⁰B⁸Epan.‚
1047 3470 1163 3504 Proch.
1173 3483 1200 3503 v.
1213 3471 1233 3503 Ι.
1250 3474 1262 3514 ΙΙ
1280 3467 1346 3504 ἀπ-

272 3515 472 3562 αγγείλειαν
497 3517 661 3560 Scrimyer
676 3518 731 3559 (ff.
751 3517 795 3557 ς)]
819 3512 1028 3561 ἀπαγγείλει
1052 3515 1097 3548 Μ
1125 3511 1348 3562 ἀπήγγειλαν

272 3558 529 3607 (παρήγγειλαν
543 3562 659 3595 Procli.
670 3574 701 3594 υ.
713 3563 747 3603 l.)
767 3561 836 3594 LB
847 3561 960 3593 Proch.
971 3561 1080 3603 Epan.
1098 3559 1110 3604 ΙΙ
1126 3562 1167 3594 23
1182 3561 1346 3607 ἐπιμείνῃ

275 3607 335 3647 B¹]
353 3608 530 3649 ἐπιμείνοι
545 3607 616 3640 ML
631 3607 674 3639 B'
686 3606 801 3639 Procli.
812 3605 921 3649 Epan.
943 3605 1102 3648 ἐπιμένει
1117 3606 1167 3638 B!
1186 3606 1346 3649 ἐπιμένοι

273 3664 341 3686 cum
354 3653 537 3696 Scrimqero
551 3653 634 3696 vulq.
653 3652 665 3695 ΙΙ
685 3652 727 3685 24
744 3647 1043 3695 ἀναβαλλόμενον
1061 3651 1106 3684 M
1111 3651 1238 3692 Proch.]
1259 3647 1345 3685 ἀνα·

1413 2793 1640 2843 ἐπηγάγομεν
1658 2792 1846 2843 (ἠγάγομεν
1859 2797 1934 2838 ΒἯ
1959 2809 2028 2830 nov.
2042 2797 2087 2830 ΙΙ
2100 2810 2126 2830 c.
2141 2799 2161 2831 5
2176 2797 2189 2840 ΙΙ
2207 2797 2239 2829 εἰ
2262 2809 2320 2830 om.
2335 2795 2386 2830 B!

1459 2933 1479 2965 2
1501 2932 1557 2964 sed
1580 2932 1749 2973 quoniam]
1774 2931 1931 2973 quoniam
1953 2931 2003 2962 set
2023 2928 2084 2970 V!
2109 2929 2128 2962 3
2154 2929 2216 2972 leq.
2239 2928 2306 2962 alio
2329 2930 2452 2963 modo?
2475 2931 2487 2975 ΙΙ

1414 2978 1435 3010 4
1458 2978 1567 3017 causa]
1593 2986 1656 3017 que
1680 2986 1778 3009 eausa
1803 2976 1857 3009 Ta
1883 2977 1895 3018 ΙΙ
1919 2977 1960 3008 etv
1975 2986 2032 3007 om.
2055 2973 2118 3016 Vn
2141 2973 2194 3015 ad]
2218 2984 2239 3006 a
2259 2974 2307 3008 V·
2332 2974 2345 3018 ΙΙ
2374 2978 2394 3010 5
2418 2985 2486 3009 non

1414 3023 1453 3054 ut
1473 3021 1518 3062 V]
1544 3023 1581 3053 ut
1599 3030 1666 3053 non
1689 3021 1850 3064 RTvulq.
1869 3020 1918 3063 116
1940 3018 2140 3053 sanciremus
2162 3019 2249 3063 vulq.
2266 3019 2278 3062 11
2305 3021 2425 3054 8rubr.
2449 3020 2486 3054 Si

1413 3077 1472 3109 per
1493 3065 1650 3098 maritum
1674 3065 1718 3098 sit
1741 3065 1795 3098 uel
1819 3066 1884 3098 erit
1899 3066 1993 3106 (corr.
2008 3063 2147 3105 steterit)
2172 3065 2349 3106 quominus
2373 3065 2404 3098 ei
2426 3065 2487 3099 ἀοι

1414 3156 1506 3189 illam
1528 3155 1639 3198 VT²11
1666 3157 1702 3189 11
1729 3156 1832 3197 ipsam
1857 3155 1906 3188 12¹
1938 3153 2008 3197 ipso
2027 3154 2082 3196 ΤΙΙ
2100 3153 2222 3187 fon-sam
2245 3153 2306 3197 ΒΞ,
2329 3167 2388 3189 om.
2401 3154 2453 3189 13²

1418 3203 1458 3236 12
1481 3200 1578 3241 illud]
1601 3199 1693 3233 illam
1719 3201 1804 3243 vulq.
1828 3199 1840 3242 ΙΙ
1871 3200 1911 3234 13
1933 3202 1972 3232 ut
1996 3199 2072 3232 add.
2088 3199 2182 3233 Beck
2206 3199 2219 3242 ΙΙ
2240 3199 2430 3234 aduenatioi

1415 3111 1575 3154 promissa
1595 3112 1781 3153 praestetur
1806 3110 1839 3143 T
1850 3111 1883 3143 in
1897 3122 1997 3153 mar-9.
2013 3110 2065 3150 (ex
2077 3109 2155 3149 Iul.)
2177 3109 2190 3153 ΙΙ
2219 3112 2258 3143 10
2284 3110 2400 3143 fecerit
2418 3109 2488 3235 12¹!
2538 3138 2540 3147 .

1415 3245 1610 3279 adiuuentia
1626 3246 1658 3278 T
1666 3245 1676 3265 ¹
1703 3244 1715 3288 ΙΙ
1740 3246 1781 3279 14
1799 3245 1862 3286 vir]
1884 3243 1943 3277 ubi
1962 3244 2012 3278 1⁷¹
2043 3257 2059 3274 ο
2087 3243 2162 3288 12¹1}
2187 3248 2246 3277 aut
2269 3246 2351 3286 eius]
2375 3247 2485 3279 autom

1415 3291 1486 3324 eius
1509 3292 1580 3332 (aut
1605 3291 1680 3323 add.
1706 3290 1767 3332 ΙΝ)
1798 3290 1834 3330 V,
1870 3292 1929 3322 aut
1952 3302 2011 3322 om.
2033 3288 2081 3322 R¹
2109 3289 2122 3333 ΙΙ
2154 3291 2193 3323 15
2219 3290 2309 3323 nolet
2332 3290 2366 3324 R
2399 3289 2487 3324 nolit

1415 3337 1500 3379 vulq.
1516 3337 1528 3378 ΙΙ
1557 3336 1597 3369 16
1618 3336 1691 3376 hoc]
1717 3338 1750 3367 et
1770 3335 1832 3368 hoc
1852 3334 1908 3378 Vn
1936 3336 1974 3369 17
1998 3336 2134 3377 peragat
2155 3334 2278 3379 Beckn
2304 3337 2345 3369 19
2368 3344 2486 3368 secun-

1415 3381 1487 3414 dam
1501 3380 1534 3413 R
1549 3380 1561 3424 ΙΙ
1581 3381 1623 3414 20
1635 3382 1725 3423 petet
1744 3379 1792 3413 V³
1813 3382 1911 3422 pot-t
1933 3380 1978 3413 V¹
1995 3379 2008 3423 ΙΙ
2026 3380 2106 3412 haec
2131 3392 2189 3413 orn.
2206 3380 2284 3424 ΤἾΙ
2303 3381 2342 3415 21
2358 3382 2485 3423 patrem

1423 3425 1478 3468 Vn
1498 3426 1539 3459 22
1563 3427 1609 3467 at]
1633 3427 1682 3458 ita
1703 3427 1738 3458 at
1763 3425 1814 3458 T¹
1836 3427 1848 3467 ΙΙ
1874 3435 1940 3457 non
1963 3425 2086 3467 poterit
2110 3437 2168 3458 om.
2186 3424 2232 3458 T¹
2253 3424 2267 3469 Ι
2294 3427 2335 3460 25
2358 3425 2486 3458 recuset
2533 3427 2539 3431 ’

1424 3471 1471 3504 V¹
1490 3471 1502 3514 ΙΙ
1520 3471 1571 3503 his
1585 3470 1633 3503 R¹
1649 3469 1662 3514 ΙΙ
1687 3471 1730 3504 26
1747 3472 1780 3503 et
1795 3481 1869 3503 cum
1886 3470 1948 3502 hoc
1969 3470 2000 3503 T
2019 3470 2082 3502 hoc
2103 3472 2136 3502 et
2153 3479 2227 3502 cum
2251 3469 2298 3502 13²
2314 3470 2327 3514 ΙΙ
2350 3471 2390 3504 27
2404 3468 2484 3510 nisi]

1416 3527 1480 3549 non
1497 3516 1544 3548 R·
1567 3516 1595 3548 si
1611 3526 1678 3548 non
1696 3514 1745 3548 R²
1761 3515 1774 3559 ΙΙ
1791 3517 1834 3550 28
1855 3514 1963 3548 dotem
1982 3534 2023 3539 —-
2041 3517 2118 3556 457,
2132 3523 2147 3549 ¹1
2164 3514 2293 3548 tradere
2311 3513 2399 3559 festi!
2421 3525 2484 3548 scr.

1419 3561 1465 3594 R²
1489 3564 1520 3594 in
1542 3574 1608 3595 ras.
1633 3563 1677 3606 43
1700 3573 1748 3595 vv.
1776 3560 1789 3604 ΙΙ
1818 3560 2039 3602 negationem]
2075 3559 2266 3593 dilationem
2296 3558 2363 3604 V!
2391 3560 2484 3593 anto-

1415 3606 1575 3649 nuptialis
1588 3607 1686 3649 υιι19.]
1711 3608 1744 3638 et
1758 3605 1922 3649 nuptialis
1938 3605 1969 3639 R
1980 3605 2041 3639 VT
2053 3605 2066 3649 ΙΙ
2083 3607 2126 3639 29
2147 3604 2348 3646 donationis]
2372 3606 2405 3638 ct
2427 3603 2484 3637 do·

1416 3652 1561 3685 nationis
1580 3652 1625 3685 T·
1644 3652 1656 3695 ΙΙ
1674 3650 1738 3693 vel]
1763 3654 1795 3683 et
1818 3650 1892 3694 ΙΨ)
1907 3650 1920 3696 ΙΙ
1938 3653 2170 3693 percepturum
2191 3649 2243 3684 17¹

2584 1726 2592 1831 —.-—..·.
2586 1667 2592 1699 ..-
