2592 3840
277 108 384 151 Nov.
417 109 512 153 LIII
545 113 579 152 1.
610 112 635 151 2

1341 106 1424 153 300

2129 120 2190 151 DE
2217 121 2489 155 EXHIBENDIS

1276 240 1432 276 CAPUT
1461 242 1488 275 I.

327 310 435 344 Τοῦτο
466 314 590 344 τοίνυν
618 308 795 343 ἐλεοῦντες
825 307 1060 352 θεσπίζομεν,
1091 307 1127 341 εἴ
1145 319 1181 340 τι
1204 310 1345 353 γένοιτο

274 356 417 388 τοιοῦτο
439 358 498 388 καὶ
523 351 542 388 ὁ
560 353 683 400 χρόνος
706 352 918 399 πληρωθείη
942 350 985 386 ὃν
1001 353 1061 387 ἐπὶ
1084 353 1129 398 τῇ
1149 351 1210 394 τῆς
1230 364 1344 399 παρα-

275 398 433 433 στάσεως
463 398 485 441 ἢ
514 400 575 441 τῆς
597 396 790 444 ἀπαγωγῆς
819 394 997 441 ἀσφαλείᾳ
1020 395 1125 430 αὐτὸς
1155 393 1174 429 ὁ
1206 397 1346 444 ἐνάγων

274 443 410 485 ἔταξεν,
441 443 517 477 εἶτα
549 439 568 476 ὁ
590 444 657 486 μὲν
681 439 906 487 προςεδρεύοι
933 442 986 484 τῷ
1012 439 1162 485 δικαστη
1187 445 1247 485 ίῳ,
1270 440 1290 476 ὁ
1308 440 1348 476 δὲ

274 487 414 534 ἐνάγων
430 486 725 531 ἀπολιμπάνοιτο,
750 490 809 520 καὶ
828 485 877 530 μὴ
894 486 978 519 εἴσω
999 484 1142 532 ἡμερῶν
1162 453 1258 528 δέκα,
1277 484 1343 532 ἀφ’

274 531 384 577 οὗπερ
407 535 645 578 παραγένοιτο
675 532 719 578 τῇ
743 529 859 576 χώρᾳ,
894 528 913 563 ὁ
947 531 1089 577 ἐνάγων
1118 528 1346 575 ἀπαντήσειε,

274 575 340 610 τὸν
370 579 437 620 μὲν
466 575 684 622 ἐναγόμενον
715 574 868 610 εἰςιόντα
898 574 996 621 παρὰ
1027 577 1079 619 τῷ
1105 574 1257 619 δικαστῆ
1285 579 1346 611 καὶ

273 622 388 654 ταῦτα
411 619 626 655 διδάσκοντα
650 621 866 666 παραχρῆμα
888 617 1078 665 ἀφίεσθαι,
1102 618 1196 668 ὅρκῳ
1221 612 1261 656 δὲ
1284 620 1345 655 αὗ-

273 666 337 698 τοῦ
355 667 546 711 κρίνεσθαι
566 667 690 700 πᾶσαν
710 664 876 707 δαπάνην
891 663 936 709 ἢν
955 663 1090 708 ὑπέστη
1111 670 1196 712 περί
1217 680 1257 701 τε
1278 665 1347 710 τὴν

1459 308 1536 343 Hoc
1567 307 1675 352 igitur
1697 307 1906 343 miserantes
1932 308 2127 352 sancimus,
2163 308 2196 343 si
2219 308 2303 353 quid
2333 309 2396 343 fiat
2418 309 2491 344 tale

1415 355 1450 387 et
1478 355 1621 397 tempus
1652 352 1842 397 impleatur
1872 352 1968 396 quod
1997 353 2035 387 in
2067 352 2232 388 cautione
2263 354 2490 389 exhibitionis

1415 399 1479 432 aut
1502 397 1799 442 praesentationis
1827 398 1905 441 ipse
1929 400 2031 432 actor
2056 397 2252 440 constituit,
2284 398 2410 434 deinde
2433 399 2491 435 ille

1415 441 1556 486 quidem
1589 442 1752 477 observet
1785 442 1821 477 in
1850 442 1994 484 iudicio,
2030 446 2131 478 actor
2164 446 2284 478 autem
2315 442 2418 487 desit,
2455 447 2492 479 et

1383 486 1485 521 5nisi
1515 487 1611 522 intra
1642 486 1717 522 dies
1741 486 1776 521 X
1804 490 1994 532 postquam
2022 497 2105 523 reus
2127 488 2262 523 venerit
2289 488 2327 523 in
2375 488 2491 524 rovin-

1417 531 1506 566 ciam
1538 535 1640 567 actor
1674 532 1888 576 occurrerit,
1929 542 2028 567 reum
2064 532 2205 577 quidem
2238 531 2318 578 ingr
2362 534 2492 569 ientem

1415 576 1512 621 apud
1546 576 1699 611 iudicem
1742 580 1778 611 et
1812 577 1902 612 haec
1942 578 2127 612 docentem
2168 581 2316 623 repente
2354 578 2491 622 dimitti,

1414 621 1642 656 iureiurando
1678 624 1797 657 autem
1833 622 1908 657 eius
1943 622 2120 658 iudicetur
2152 622 2196 658 de
2232 623 2396 659 omnibus
2430 633 2490 659 ex-

1415 666 1535 710 pensis
1562 676 1652 711 quas
1675 666 1824 711 pertulit
1848 666 1945 702 circa
1967 667 2059 703 viam
2092 669 2128 702 et
2151 667 2247 703 circa
2270 668 2492 713 peregrinam

272 707 482 755 ὁδοιπορίαν
499 715 590 763 ἱπερί
611 723 651 743 τε
676 709 741 764 τὴν
765 712 805 744 ἐν
822 710 905 764 ξένῃ
925 708 1126 757 διατριβήν,
1149 714 1208 766 ‚fal
1232 710 1345 757 ταύτῃ
1363 715 1401 745 10
1415 711 1683 756 habitationem,
1713 715 1749 746 et
1779 711 1835 747 his
1859 711 1994 748 iudices
2026 712 2193 748 addicant
2226 717 2382 749 actorem
2406 724 2491 748 con-

273 753 339 787 τὸν
363 753 534 798 δικαστην
557 753 809 797 καταδικάζειν
830 768 896 789 τον
917 754 1094 802 ἐνάγοντα
1116 770 1245 800 ματην.
1285 760 1346 790 καὶ

274 797 467 854 ἐπειδήπερ
494 798 627 833 εἰωθός
657 802 733 834 ἐστι
763 798 813 845 μὴ
843 799 957 834 ἄλλως
985 801 1157 847 γίνεσθαι
1187 802 1250 836 τὰς
1275 798 1345 836 ἀπ-

273 843 413 889 αγωγὰς
444 858 466 886 η
490 843 551 878 τὰς
575 842 826 891 παραστάσεις,
852 844 946 890 εἰμὴ
964 845 1001 879 οἱ
1019 843 1206 893 ἐνάγοντες
1227 849 1348 893 ἐγγυη-

271 887 332 921 τάς
356 890 414 922 ἐπὶ
433 890 522 941 ρηῃτῇ
544 889 719 932 ποσότητι
739 888 836 924 δοῖεν
857 889 904 925 ὠς
923 890 1174 947 ἐπεξέρχονται
1198 893 1242 938 τῇ
1268 890 1348 939 δίκῃ

1414 756 1613 791 venientem
1635 756 1781 792 frustra.
1828 755 1879 791 Et
1901 756 2068 802 quoniam
2096 768 2174 793 mos
2198 761 2253 793 est
2283 768 2356 794 non
2387 758 2492 793 aliter

1414 800 1492 836 fieri
1526 801 1762 836 exhibitiones
1798 803 1862 836 aut
1896 803 2213 846 praesentationes,
2249 802 2318 838 nisi
2351 806 2491 839 actores

1416 845 1641 881 fideiussores
1667 849 1766 881 certa
1798 846 1997 890 quantitate
2021 847 2190 891 dederint,
2246 847 2307 883 uia
2338 858 2490 883 execun-

1417 894 1476 925 tur
1508 900 1652 926 causam
1684 893 1720 926 et
1750 891 1951 936 suscipiunt
1981 892 2202 935 sententiam,
2261 902 2328 927 ano
2352 893 2492 937 quidem

271 935 329 965 καὶ
352 946 523 979 κρατουσι
547 937 608 978 τῆς
631 935 763 980 ψήφου,
787 936 893 970 τοῦτο
915 938 982 980 μὲν
1005 944 1047 970 το
1065 935 1181 972 ποσὸν
1201 935 1349 971 πάντως
1366 940 1402 971 15
1419 936 1652 979 quantitatem
1684 936 1825 971 omnino
1862 946 1923 971 eos
1959 936 2050 980 exigi
2082 941 2118 972 et
2149 936 2228 971 dari
2261 937 2397 973 frustra
2432 947 2490 972 ca-

273 976 398 1012 αὗτούς
420 976 660 1013 ἀπαιτεῖσθαι
684 983 744 1013 καὶ
768 978 943 1014 δίδοσθαι
963 981 1018 1024 τῷ
1037 981 1156 1025 μάτην
1172 994 1346 1026 συκοφαν-

271 1023 435 1064 τηθέντι.
482 1025 513 1058 εἰ
536 1022 576 1057 δὲ
600 1022 660 1058 διὰ
681 1026 745 1059 τοῦ
779 1022 884 1072 ὅρκου
907 1029 967 1059 καὶ
987 1024 1113 1061 πλεῖόν
1135 1039 1173 1060 τι
1197 1030 1347 1072 σαφηνί-

271 1079 342 1100 σειε
362 1069 482 1113 (ῥητῆς
504 1072 629 1113 μέντοι
652 1067 850 1114 ποσότητος
869 1068 1074 1117 ὁριζομένης
1093 1071 1193 1118 παρὰ
1211 1073 1275 1106 τοῦ
1297 1070 1347 1106 δι-

269 1110 446 1156 κάζοντος,
472 1112 516 1157 ἣν
540 1114 577 1148 οἱ
596 1113 702 1159 νόμοι
725 1116 937 1156 ταξατίωνα
960 1115 1131 1158 καλοῦσι),
1156 1120 1216 1150 καὶ
1239 1118 1346 1151 τοῦτο

1416 981 1586 1016 lumniam
1606 991 1726 1025 passo.
1765 980 1802 1016 Si
1821 991 1906 1016 vero
1931 991 1995 1025 per
2017 981 2260 1017 iusiurandum
2285 982 2391 1017 etiam
2409 983 2491 1027 plus

1416 1026 1551 1070 aliquid
1575 1025 1820 1070 declaraverit,
1853 1029 1952 1061 certa
1974 1029 2093 1062 tamen
2124 1027 2324 1071 quantitate
2346 1027 2492 1062 definita

1416 1081 1438 1106 a
1460 1071 1586 1114 iudice,
1620 1081 1728 1115 quam
1757 1071 1854 1115 leges
1885 1071 2101 1106 taxationem
2123 1074 2264 1112 vocant,
2293 1072 2400 1107 etiam
2422 1072 2492 1107 hoc

1414 1126 1457 1151 su
1484 1116 1626 1161 erexigi,
1651 1118 1692 1151 ut
1715 1119 1912 1169 agnoscant
1935 1126 2007 1151 non
2030 1116 2152 1152 ludere
2175 1117 2212 1151 in
2231 1117 2322 1153 vitas
2342 1116 2488 1160 alienas,

269 1160 615 1201 προςαπαιτεῒσθαι·
652 1160 712 1194 ἴνα
734 1160 893 1214 μάθοιεν
922 1159 972 1217 μῂ
1000 1163 1145 1203 παίζειν
1175 1162 1222 1195 εἰς
1244 1165 1344 1206 βίους
1358 1164 1400 1196 20
1414 1171 1452 1196 se
1507 1161 1546 1195 in
1568 1160 1752 1206 provincla
1780 1161 1907 1205 eligere
1936 1161 2071 1197 iudices
2103 1165 2139 1197 et
2169 1161 2219 1197 ibi
2249 1163 2375 1198 contra
2403 1172 2489 1197 81108

267 1198 480 1256 ἀλλοτρίους,
504 1201 593 1238 ἀλλὰ
610 1205 655 1239 τὰ
670 1218 762 1239 κατα
783 1206 908 1252 χώραν
923 1207 1108 1253 αιρεῖσθαι
1129 1204 1342 1255 δικαστήρια

268 1251 405 1281 nausias
428 1248 517 1293 πρὸς
539 1249 620 1284 τοὺς
643 1251 785 1285 ἑαυτῶν
807 1248 1010 1286 ἀντιδίκους
1033 1249 1298 1300 διακρίνεσθαι.

1412 1206 1634 1242 adversarios
1658 1205 1806 1250 litigare.

1260 1353 1418 1389 CAPUT
1448 1354 1494 1388 11.

323 1416 467 1461 Ἐπειδὴ
498 1417 539 1452 δὲ
568 1419 631 1453 τὰς
662 1419 761 1466 παρὰ
791 1421 870 1454 τῶν
901 1420 1111 1468 ἐναγόντων
1141 1418 1267 1468 ἐγγύας
1300 1419 1346 1455 ὠς

268 1464 405 1495 ἐπίπαν
434 1463 538 1507 ἴσμεν
569 1465 737 1498 ἐνταῦθα
769 1463 957 1508 διδομένας
988 1467 1056 1519 ἐπὶΙ
1076 1469 1148 1500 τοῖς
1170 1477 1344 1512 παριστα-

1505 1421 1596 1465 Quia
1616 1432 1699 1457 vero
1724 1423 1769 1457 ab
1794 1422 1976 1459 actoribus
2009 1422 2254 1459 fideiussiones
2283 1421 2492 1467 plerumque

1414 1466 1574 1502 novimus
1599 1467 1657 1501 hic
1681 1467 1795 1509 datas,
1821 1471 2002 1513 tamquam
2025 1470 2063 1503 in
2085 1468 2292 1503 exhibendis
2341 1466 2490 1509 ersonis,

267 1509 384 1550 μένοις
408 1507 618 1554 προςώποις,
643 1510 674 1543 εἰ
697 1508 737 1543 δὲ
760 1511 807 1544 εἰς
831 1511 958 1557 ἑτέραν
982 1510 1187 1568 ἀπαγονται
1209 1510 1344 1557 χώραν,
1358 1514 1400 1546 25
1415 1511 1445 1547 si
1467 1521 1550 1546 vero
1581 1511 1619 1546 in
1650 1513 1756 1547 aliam
1787 1513 2012 1549 deducantur
2043 1513 2278 1558 provinciam3
2325 1515 2402 1547 orte
2430 1510 2491 1546 de-

267 1551 354 1585 ἴσως
377 1549 632 1600 διαφυγγάνειν
660 1555 798 1598 ταύτην
825 1553 893 1598 τὴν
922 1567 1183 1602 παρατηρησιν,
1215 1556 1346 1590 θεσπί-

269 1598 376 1640 ζομεν
397 1595 460 1632 τὸν
475 1599 640 1632 ἐνταῦθα
664 1597 839 1643 δικαστὴν
859 1598 880 1643 ἢ
901 1599 966 1634 τὸν
982 1598 1221 1641 ἐνδοξότατον
1241 1599 1346 1646 ἡμῶν

268 1645 487 1687 κοιαίστωρα
502 1642 569 1677 τὸν
584 1646 657 1678 τοῖς
672 1644 788 1678 θἐίοις
802 1643 908 1689 ἡμῶν
927 1642 1217 1691 ὗπηρετοὺμενον
1236 1646 1346 1693 γράμ-

267 1697 390 1729 μασιν,
414 1688 450 1721 εἴ
467 1702 503 1722 τι
526 1690 668 1723 τοιοῦτο
692 1690 826 1736 πρᾶξαι
849 1689 1068 1745 {celeno-&stim
1092 1691 1141 1735 μὴ
1162 1689 1277 1725 ἄλλως
1301 1692 1349 1725 εἰς

1415 1557 1547 1591 clinare
1579 1557 1673 1592 hanc
1703 1558 2001 1601 observationem,
2039 1558 2217 1593 sancimus
2248 1557 2308 1593 hic
2339 1556 2491 1592 iudicem

1415 1605 1476 1636 aut
1492 1601 1785 1645 gloriosissimum
1804 1606 1966 1638 nostrum
1986 1606 2210 1648 quaestorem
2225 1602 2339 1639 sacris
2358 1601 2490 1637 nostris

1413 1646 1672 1682 ministrantem
1702 1648 1851 1693 litteris,
1888 1649 1918 1683 si
1948 1649 2032 1693 quid
2066 1649 2140 1683 tale
2171 1658 2277 1693 agere
2311 1646 2489 1688 iubeatur,

1417 1701 1489 1727 non
1514 1691 1618 1727 aliter
1641 1692 1688 1727 ad
1710 1693 1817 1727 aliam
1834 1693 1996 1728 exhiberi
2011 1694 2232 1739 provinciam
2254 1702 2366 1734 reum,
2391 1694 2490 1726 ante-

268 1731 414 1785 s'vs'oowx
427 1728 641 1777 ἀπαχθῆναι
672 1734 795 1780 χώραν
825 1748 892 1769 τον
922 1737 1149 1783 έναγομενον,
1184 1739 1273 1782 πρὶν
1303 1735 1349 1771 ἂν
1362 1739 1404 1771 30
1417 1746 1525 1815 quam
1549 1736 1795 1773 fideiussorem
1811 1739 1983 1782 praebeat
1999 1742 2101 1774 actor
2120 1738 2158 1774 in
2174 1738 2318 1781 iudicio,
2342 1737 2379 1772 in
2397 1736 2491 1781 quod

269 1777 442 1822 ἐγγυητην
465 1779 812 1824 προςκαταστὴσειεν
835 1777 855 1813 ὁ
880 1779 1021 1827 ἐνάγων
1044 1782 1084 1815 ἐν
1107 1781 1160 1823 τῷ
1183 1779 1348 1824 δικαστη-

270 1825 337 1866 ρίῳ
357 1819 450 1856 καθ’
473 1819 494 1856 ὃ
515 1822 634 1867 μέλλει
665 1823 732 1859 τὸν
755 1822 1002 1869 εὐθυνόμενον
1025 1824 1133 1872 ἄγειν,
1169 1823 1216 1860 ὠς
1239 1824 1349 1860 δώσει

270 1864 358 1943 πὸὸς
388 1865 428 1900 τὸ
461 1869 539 1902 τῶν
561 1867 690 1903 τόπων
714 1867 895 1914 διάστημα
920 1875 1067 1916 χρυσίον
1090 1868 1177 1905 ὅσον
1209 1868 1348 1917 ἇνόρι-

269 1921 292 1942 σ
325 1913 378 1952 είη
410 1913 463 1955 τῷ
488 1912 736 1968 φεύγοντι,-εῐ
758 1914 807 1959 μὴ
831 1912 938 1969 aava?
963 1914 1140 1970 ἐπεξέλᾷῃ
1165 1914 1186 1959 ἢ
1210 1916 1348 1957 ἐπεξελ-

1434 1785 1561 1817 uturus
1596 1786 1651 1817 est
1687 1792 1787 1817 reum
1821 1783 2015 1827 deducere,
2052 1784 2135 1828 quia
2165 1783 2265 1818 dabit
2295 1781 2490 1819 secundum

1418 1827 1579 1862 locorum
1609 1828 1763 1871 spatium
1786 1838 1921 1864 aurum
1955 1834 2282 1873 quantumcumque
2310 1827 2491 1863 decretum

1418 1871 1529 1906 fuerit
1551 1871 1719 1916 fugienti,
1757 1874 1786 1907 si
1811 1884 1883 1909 non
1908 1876 2106 1918 exequatur
2133 1878 2196 1908 aut
2219 1882 2396 1918 exequens
2419 1880 2492 1906 non

1418 1917 1539 1952 vincat
1563 1927 1720 1961 causam,
1745 1921 1782 1953 et
1804 1918 1855 1954 ibi
1879 1919 1998 1954 omnia
2019 1919 2079 1963 agi
2102 1927 2346 1963 quaecumque
2368 1917 2407 1952 in
2429 1926 2490 1951 ex-

270 1953 356 1989 θών
387 1970 435 2000 μη
463 1970 621 2006 κρατησῃ
652 1971 712 2003 της
736 1958 849 2003 δίκης,
883 1964 1024 1995 nausias
1047 1974 1169 1995 παντα
1193 1960 1342 2006 πράττε-
1356 1965 1398 1997 35

314 2071 384 2102 cap.
398 2061 422 2093 I
440 2062 687 2105 (Θεσπίζομεν,
711 2061 742 2095 εἰ
765 2060 783 2095 ὁ
807 2060 930 2108 χρόνος
953 2060 1167 2107 πληρωθείη
1187 2088 1270 2098 .....
1273 2065 1296 2106 ).
1322 2065 1373 2098 II.
1398 2065 1530 2104 [1151.
1545 2073 1572 2099 2.
1598 2066 1622 2099 Ι
1628 2066 1713 2100 Vin.
1739 2067 1795 2108 (—
1813 2065 2002 2100 παντελῶς
2023 2063 2331 2112 ἀποστρεφόμεθα
2351 2067 2430 2108 302,
2443 2066 2490 2108 ³4)

271 2104 366 2137 habet
382 2105 426 2144 B,
441 2108 471 2148 7,
486 2114 528 2148 12,
543 2115 569 2140 τ.

322 2161 348 2182 c.
363 2150 388 2182 I
405 2154 608 2185 summarium
626 2159 711 2185 extat
733 2148 826 2185 Ῥοπ.
841 2154 872 2194 8,
887 2159 921 2191 ὃς
949 2153 1113 2187 Theodori
1134 2166 1284 2187 summam
1309 2156 1422 2197 repetit
1445 2156 1572 2199 Ecloya
1595 2157 1648 2189 lib.
1669 2156 1692 2189 I
1696 2158 1786 2188 -X
1795 2156 2017 2199 Basilicorum
2040 2157 2096 2200 (cf.
2115 2157 2295 2191 Hez'mbach
2313 2158 2445 2200 adnot.)-

359 2296 367 2303 ι
401 2251 428 2286 I.
461 2251 690 2304 ‘Hoc-iqitur
709 2263 818 2304 aeyre
839 2252 1000 2298 ferentes
1021 2254 1215 2297 sancimus,
1238 2255 1273 2290 si
1291 2254 1382 2300 quid
1399 2255 1574 2291 eiusmodi
1594 2257 1737 2301 factum
1759 2257 1808 2292 sit
1829 2259 1938 2303 atque
1963 2261 2100 2303 tempus
2125 2258 2309 2293 transierit
2330 2257 2432 2310 quod
2453 2258 2491 2293 in

270 2299 435 2332 cautione
454 2296 588 2332 iudicio
607 2298 756 2333 sistendi
781 2304 846 2333 aut
861 2297 1062 2334 deducendi
1080 2310 1192 2335 causa
1213 2303 1318 2334 actor
1336 2301 1475 2343 statuit,
1499 2300 1626 2337 deinde
1649 2301 1742 2337 alter
1765 2302 1908 2348 quidem
1927 2302 1969 2337 'in
1984 2302 2118 2337 iudicio
2135 2306 2284 2349 praesto
2304 2306 2362 2345 sat,
2387 2305 2492 2339 actor

2584 1522 2592 1557 ¹.

2583 1558 2592 1575 ,.

2579 1609 2592 1725 ΑΞ

269 2345 387 2375 autem
411 2341 514 2383 absit,
538 2353 604 2378 nec
626 2343 724 2378 intra
746 2342 865 2379 decem
888 2342 975 2385 dies,
1000 2355 1050 2380 cx
1071 2355 1143 2396 quo
1167 2344 1229 2380 ille
1252 2346 1290 2379 in
1310 2345 1538 2390 provinciam
1561 2346 1668 2389 venit,
1694 2350 1797 2382 actor
1822 2352 2052 2393 compareat:
2074 2352 2115 2382 ut
2136 2358 2231 2390 reus,
2254 2347 2317 2393 qui
2339 2348 2490 2383 iudicem

269 2386 400 2421 adierit
428 2390 466 2422 et
492 2387 581 2423 Ilaec
603 2387 829 2434 probaverit,
860 2388 982 2423 statim
1006 2389 1220 2432 dimittatur,
1253 2389 1488 2425 iureiurando
1514 2395 1633 2427 autem
1664 2392 1741 2427 eius
1772 2402 1894 2427 omnes
1915 2392 2098 2439 impensae
2121 2403 2214 2438 quas
2243 2396 2278 2427 et
2301 2392 2339 2427 in
2362 2392 2492 2428 itinere

269 2435 305 2466 et
326 2430 408 2466 dum
424 2443 583 2478 pereqre
605 2437 849 2468 commoratus
871 2436 925 2468 est
945 2434 1053 2479 fecit,
1082 2435 1314 2470 aestimentur
1337 2438 1446 2481 atque
1477 2437 1515 2471 in
1537 2446 1599 2471 eas
1621 2436 1735 2472 iudex
1759 2436 1970 2472 condemnet
1995 2448 2075 2472 eum
2103 2437 2167 2483 qui
2191 2440 2320 2473 temere
2342 2447 2488 2473 causam

269 2476 390 2521 eqerit.
439 2476 491 2511 Et
519 2477 688 2522 quoniam
719 2478 830 2513 moris
860 2482 914 2513 est
944 2489 1019 2514 non
1047 2479 1155 2515 aliter
1183 2479 1413 2515 deductiones
1444 2485 1508 2516 aut
1538 2480 1779 2517 exhibitiones
1799 2482 1900 2527 fieri,
1933 2482 2005 2517 nisi
2027 2485 2171 2517 actores
2197 2481 2430 2527 fideiussores
2451 2482 2490 2517 in

270 2524 403 2555 certam
426 2523 662 2566 quantitatem
686 2522 851 2558 dederint
872 2535 910 2559 se
934 2523 1030 2559 litem
1047 2528 1309 2571 persecuturos
1333 2536 1409 2560 esse
1439 2530 1476 2561 ct
1498 2526 1709 2562 sententiam
1733 2530 1959 2573 accepturos,
1989 2537 2034 2562 ea
2082 2526 2242 2562 uantitas
2275 2527 2420 2563 omnino
2445 2526 2488 2563 ab

268 2565 315 2598 iis
337 2565 512 2611 exiqatur
534 2567 638 2612 eique
661 2567 765 2603 detur
789 2569 851 2613 qui
876 2573 1004 2604 temere
1027 2570 1242 2605 calumniam
1268 2581 1402 2615 passus
1424 2574 1488 2606 est.

270 2608 509 2646 declaraverit
539 2613 650 2654 (certa
676 2616 791 2647 tamen
815 2614 1017 2657 quantitate
1041 2625 1063 2649 a
1087 2614 1205 2650 iudice
1228 2614 1448 2660 definienda,
1480 2626 1588 2662 quam
1612 2616 1709 2663 leqes
1742 2617 1966 2652 taxationem
1988 2620 2149 2659 vocant),
2181 2616 2248 2652 hoc
2271 2626 2415 2663 quoque
2437 2626 2491 2651 m·

269 2664 379 2706 super
401 2656 594 2701 exiqatur:
628 2661 670 2692 ut
691 2657 833 2693 discant
855 2669 929 2693 non
954 2658 1110 2694 ludibrio
1134 2658 1266 2695 habere
1290 2659 1384 2695 bona
1408 2660 1546 2702 aliena,
1578 2660 1643 2696 sed
1672 2661 1806 2697 iudicia
1837 2672 1931 2707 quae
1966 2662 2004 2697 in
2027 2661 2221 2707 provincia
2251 2666 2337 2697 sunt
2359 2661 2492 2708 eliqere

270 2697 389 2744 ibique
413 2710 491 2734 cum
515 2700 735 2736 adversariis
758 2703 832 2737 suis
856 2702 1011 2749 litiqare.

295 2788 302 2795 ι
403 2744 448 2795 ΙΙ..
496 2744 673 2796 Quoniam
693 2757 777 2782 vero
794 2748 925 2782 scimus
944 2748 1176 2793 fideiussores
1199 2750 1244 2785 ab
1263 2750 1447 2786 actoribus
1463 2751 1682 2798 plerumque
1704 2751 1763 2788 hic
1778 2752 1862 2787 dari
1873 2755 2034 2799 propter
2055 2750 2280 2787 exhibendas
2295 2759 2490 2799 personas,

269 2799 300 2823 st
324 2799 408 2824 vero
429 2800 466 2823 m
490 2789 599 2825 aliam
648 2791 845 2827 rovinciam
868 2793 922 2827 rei
945 2792 1183 2838 deducuntur,
1213 2796 1315 2840 forte
1338 2795 1521 2831 declinare
1544 2807 1607 2832 eos
1638 2796 1732 2832 lianc
1757 2796 2059 2839 observationem,
2091 2796 2284 2839 sancimus,
2315 2800 2357 2832 ut
2380 2794 2492 2831 iudex

270 2834 336 2885 qui
356 2832 413 2869 hic
436 2838 491 2869 est
512 2835 568 2870 vel
589 2847 614 2881 q
630 2836 873 2871 oriosissimus
897 2843 1068 2882 quaestor
1097 2845 1220 2875 noster
1251 2841 1316 2886 qui
1345 2841 1462 2876 sacris
1492 2842 1628 2876 nostris
1660 2841 1790 2877 litteris
1821 2852 1970 2889 operam
1993 2840 2073 2883 dat,
2104 2842 2138 2876 si
2157 2839 2248 2893 quid
2273 2840 2344 2877 tale
2388 2849 2492 2876 acere

269 2889 389 2913 mSSuS
404 2878 463 2920 sit,
487 2889 561 2914 non
577 2880 683 2916 aliter
697 2881 896 2927 <patiatur>
919 2893 1017 2917 reum
1035 2884 1072 2918 in
1087 2884 1196 2919 aliam
1213 2886 1443 2931 provinciam
1466 2885 1604 2928 deduci,
1625 2886 1842 2933 priusquam
1865 2890 1969 2922 actor
1991 2887 2030 2921 in
2053 2886 2186 2921 iudicio
2209 2885 2248 2921 in
2271 2896 2343 2932 quo
2391 2893 2491 2922 reum
2548 2901 2549 2904 ¹

269 2922 498 2958 exhibiturus
528 2929 592 2976 est,
624 2925 871 2978 fideiussorem
898 2928 1121 2973 praestiterit
1143 2940 1193 2972 se,
1223 2931 1260 2964 si
1288 2931 1365 2975 ipse
1387 2941 1534 2966 causam
1565 2942 1640 2966 non
1667 2942 1776 2983 perse
1801 2936 1911 2968 uatur
1942 2931 1999 2967 vel
2016 2934 2230 2978 persecutus
2261 2941 2334 2966 non
2357 2930 2489 2972 vincat,

264 2979 338 3015 pro
361 2967 523 3003 locorum
542 2969 715 3005 distantia
740 2975 876 3006 tantum
898 2973 1074 3018 pecuniae
1097 2973 1266 3009 daturum
1291 2979 1465 3021 quantum
1488 2987 1551 3012 reo
1570 2975 1753 3022 definitum
1794 2976 1899 3019 uerit,
1923 2976 2044 3022 ibique
2062 2975 2184 3011 omnia
2202 2979 2362 3023 aqantur
2381 2984 2490 3021 quae·

318 3085 332 3117 1
358 3083 463 3117 ‘roin-
493 3083 539 3116 L¹
557 3082 569 3126 11
593 3084 612 3116 2
637 3078 680 3115 ὃν
700 3083 748 3115 L¹
773 3082 785 3126 11
812 3085 830 3116 3
855 3079 876 3125 ἢ
900 3084 961 3126 τῆς
983 3082 1185 3132 ἀπαγωγῆς]
1209 3083 1232 3129 ἢ
1254 3083 1344 3134 ἄγω-

271 3128 404 3175 75‘79.L¹
432 3128 445 3173 11
478 3131 499 3163 4
529 3124 548 3161 ὁ
579 3128 658 3171 μὲν]
699 3126 910 3173 ἐναγόμενος
942 3131 1019 3162 add.
1046 3143 1114 3164 cum
1148 3133 1344 3167 Haloandro

270 3175 355 3217 μαίᾳ.
374 3173 421 3216 115
439 3175 498 3206 καὶ
517 3171 576 3216 μὴ]
602 3175 634 3205 et
655 3172 719 3205 nisi
743 3184 762 3208 ς
781 3171 792 3216 11
808 3173 931 3217 μερῶν
943 3174 985 3206 Μ
996 3175 1006 3194 ²
1021 3173 1034 3219 11
1061 3177 1081 3209 6
1101 3172 1345 3219 ἆπαντήσοιεν

270 3220 353 3252 LBc
368 3218 380 3261 11
409 3220 448 3252 12
466 3215 647 3264 ἐναγωγάς
671 3218 721 3251 B⁶
743 3217 756 3260 11
780 3220 821 3251 14
841 3219 902 3250 ἐπὶ
925 3218 969 3264 τῇ
994 3219 1084 3265 ῥητῇ
1109 3220 1160 3253 B⁶
1176 3221 1189 3264 11
1219 3223 1254 3255 17
1282 3224 1344 3256 τοῦ

270 3278 328 3297 om.
343 3264 391 3296 12¹
415 3262 428 3308 11
458 3265 494 3298 19
518 3262 716 3303 ταξατίονα
737 3262 767 3294 L
791 3262 803 3302 11
827 3263 867 3296 21
894 3259 1116 3309 δικαστήρια]
1141 3265 1268 3299 iudices
1292 3280 1310 3303 ς
1333 3268 1346 3312 11

1460 3093 1476 3124 1
1492 3092 1571 3124 haec
1584 3090 1672 3132 RT!
1695 3090 1762 3123 tale
1779 3090 1838 3123 fiat
1850 3090 1922 3124 ΒΤ
1934 3090 1946 3133 11
1970 3092 1989 3124 3
2010 3091 2114 3130 actor]
2136 3091 2252 3122 auctor
2265 3091 2387 3132 (autem
2407 3086 2489 3121 desit

1413 3191 1489 3213 reus
1510 3194 1568 3214 om.
1582 3180 1734 3214 RV¹T¹
1751 3179 1764 3225 11
1791 3182 1811 3215 6
1824 3182 1941 3213 auctor
1962 3180 2019 3223 Vll
2041 3179 2235 3219 occurrerit!
2256 3182 2289 3211 ct
2309 3176 2488 3211 occurrerit

1413 3283 1482 3303 vac.
1503 3270 1515 3313 ll
1543 3272 1584 3304 10
1609 3270 1663 3302 his
1689 3270 1720 3303 R
1743 3269 1902 3314 T²vu19.]
1928 3270 1986 3303 has
2009 3269 2152 3303 R¹T¹V
2177 3269 2189 3312 ll
2212 3258 2349 3301 'addicat
2373 3264 2488 3311 ηψπ

1541 2569 1679 2613 Quodsi
1706 2572 1796 2617 quid
1825 2572 1934 2607 etiam
1964 2582 2047 2617 amp
2063 2573 2120 2607 ius
2149 2582 2219 2618 per
2241 2570 2490 2623 iusiurandum

1413 3225 1490 3269 R²n
1516 3236 1626 3259 rerum
1650 3225 1698 3257 V¹
1723 3224 1738 3290 11
1759 3227 1778 3258 7
1804 3227 1836 3258 et
1857 3225 1937 3258 haec
1958 3225 2128 3258 docentem
2151 3237 2200 3257 ,φο
2218 3226 2257 3256 nl.
2277 3224 2324 3257 V=
2338 3225 2369 3257 in
2381 3222 2486 3266 spatio

270 3311 312 3342 22
324 3305 463 3342 κάκεῖυ
481 3310 529 3341 La
548 3308 560 3350 11
575 3305 720 3341 ἑαυτοὺς
733 3308 783 3340 La
800 3307 812 3350 11
831 3308 871 3340 23
886 3306 996 3352 παρὰ]
1015 3311 1096 3354 περὶ
1110 3310 1140 3342 L
1159 3310 1171 3353 11
1189 3312 1230 3344 29
1238 3324 1285 3354 sq.
1298 3312 1345 3345 εἰς

269 3354 396 3401 ἑτέραν
420 3350 634 3396 ἀπαχθῆναι
654 3350 779 3398 χώραν
802 3350 868 3385 τὸν
883 3351 1112 3398 ἐναγόμενον]
1138 3355 1345 3399 ἐπιτρέπειν

268 3402 324 3443 (cf.
338 3400 415 3433 Aah.
429 3401 471 3433 in.
489 3407 519 3433 et
533 3399 653 3432 Theod.
670 3403 686 3438 ξ
701 3402 731 3440 2)
747 3398 799 3431 vel
808 3398 910 3431 simile
926 3399 1006 3440 quid
1018 3400 1126 3432 deesse
1139 3401 1220 3433 vidit
1232 3401 1343 3434 Heim-

270 3445 350 3478 bach
369 3443 381 3487 11
405 3446 445 3478 31
462 3440 808 3489 προςκαταστήσειεν
821 3443 892 3476 ML
900 3443 989 3485 Atla]
1016 3442 1344 3488 προκαταστήσειεν

269 3489 550 3531 B⁶(Haloander)
567 3486 856 3534 προκαταστὴσει
867 3488 943 3522 Am.
958 3489 990 3522 in
1004 3490 1050 3522 tit.
1065 3490 1102 3522 15
1113 3490 1283 3532 paratinis
1299 3495 1314 3529 §
1328 3499 1343 3523 5

269 3534 424 3576 praebeat
441 3547 460 3571 ς
483 3533 662 3579 (παράσχῃ
682 3535 759 3568 Ath.
778 3535 811 3567 in
831 3535 877 3567 tit.
891 3535 912 3567 4
925 3540 1035 3577 parat.
1060 3538 1076 3572 §
1092 3536 1123 3575 9)
1151 3533 1163 3577 11
1192 3530 1343 3581 δικαστῇ

271 3579 320 3611 B⁶
335 3579 348 3622 11
373 3580 415 3612 32
440 3578 579 3625 ἐνάγειν
603 3580 653 3612 Bc
678 3579 691 3623 11
719 3581 761 3612 34
785 3575 897 3632 αὐτὸς,
912 3590 1004 3614 oms
1028 3578 1040 3621 11
1065 3576 1242 3625 ἐπεξέλθῃ
1266 3580 1342 3612 Am.

272 3634 406 3675 rma]
427 3634 707 3675 ιπεξέλεοιΜΒ
731 3622 888 3674 ineest&
912 3635 943 3668 L
961 3633 974 3678 n
991 3635 1032 3668 35
1048 3633 1206 3680 κρατήσῃ
1222 3635 1345 3669 mer

269 3679 357 3719 Atre]
382 3677 548 3726 κρατὴσει
572 3680 623 3713 B⁶
638 3681 734 3725 only„
767 3678 952 3725 κρατήσειε
979 3680 1208 3725 Osenbrit‘qqen

1413 3317 1582 3348 auctorem
1602 3314 1663 3358 Vll
1686 3315 1875 3348 uenientem
1899 3315 1933 3348 R
1958 3315 1971 3356 11
1996 3316 2033 3348 11
2062 3316 2110 3347 est
2134 3326 2191 3347 om.
2206 3314 2252 3347 13¹
2273 3313 2284 3356 11
2311 3314 2350 3347 12
2374 3312 2486 3345 auotoa

1412 3370 1464 3391 res
1484 3360 1538 3403 Vss
1560 3362 1600 3394 13
1626 3359 1752 3392 dederit
1775 3361 1823 3393 R*
1840 3359 1853 3404 11
1872 3360 1929 3402 qui
1950 3359 2028 3403 V¹ss
2049 3361 2089 3393 14
2112 3358 2295 3401 suscipiant
2319 3354 2485 3401 3211ςηί-

1412 3403 1485 3436 dem
1509 3417 1566 3437 om.
1580 3405 1613 3437 R
1631 3405 1643 3448 11
1669 3406 1708 3438 15
1734 3405 1823 3447 exigi
1843 3407 1899 3456 etJ·
1912 3404 2021 3447 exiget
2042 3404 2075 3437 V
2089 3403 2104 3455 11
2131 3406 2168 3437 16
2189 3404 2224 3436 Si
2242 3404 2330 3443 vero]
2354 3401 2390 3434 Si
2406 3410 2484 3433 uero
2547 3408 2555 3423 ³

1410 3458 1470 3490 per
1484 3448 1716 3482 iusiurandum
1732 3450 1953 3492 calumpniam
1969 3459 2062 3492 passo
2078 3459 2106 3481 ει
2124 3459 2204 3481 uero
2225 3448 2271 3481 V¹
2289 3447 2309 3511 11
2323 3448 2483 3534 11172ῒὸ1ἑ11ἶ
2525 3451 2535 3492 J

1413 3505 1471 3526 om.
1485 3493 1534 3525 R¹
1550 3493 1562 3537 11
1581 3494 1728 3535 definita]
1748 3498 1781 3527 et
1796 3494 1931 3527 definita
1944 3493 2041 3538 RVH
2067 3495 2108 3527 19
2129 3494 2165 3525 in
2185 3493 2246 3526 del.
2258 3493 2292 3526 R

1411 3547 1488 3578 gere
1509 3538 1558 3571 V¹
1574 3538 1585 3580 11
1605 3540 1648 3573 26
1670 3539 1738 3579 hic]
1760 3540 1838 3572 hinc
1852 3539 1886 3571 R
1906 3538 1911 3583 1
1945 3540 1986 3573 27
2003 3539 2125 3571 nostris
2144 3551 2202 3571 om.
2224 3536 2280 3580 Vss
2297 3537 2340 3570 29
2352 3535 2483 3569 exibent

1411 3581 1461 3614 Β*
1486 3581 1499 3625 11
1523 3585 1627 3623 reum]
1652 3594 1676 3615 u
1701 3595 1739 3616 ex
1756 3596 1838 3617 corr.
1862 3584 1896 3616 V
1919 3582 1925 3627 1
1951 3584 1995 3617 30
2019 3585 2134 3615 auctor
2156 3583 2188 3616 V
2205 3582 2218 3626 11
2242 3581 2329 3623 quod
2350 3581 2394 3621 V]
2417 3587 2482 3620 quo

1412 3626 1482 3659 RT
1503 3626 1515 3670 11
1539 3629 1579 3660 31
1607 3638 1715 3660 rerum
1738 3628 1787 3660 V²
1811 3627 1824 3672 11
1853 3628 1894 3660 32
1918 3628 2079 3670 sapatium
2102 3628 2151 3661 V¹

1415 3136 1563 3178 add.R¹)
1577 3134 1669 3179 RV!
1693 3137 1714 3169 4
1725 3138 1841 3168 auctor
1853 3135 1929 3169 RV
1940 3135 1952 3180 11
1969 3137 1988 3169 5
2004 3134 2079 3175 nisi]
2099 3144 2166 3167 non
2181 3135 2267 3178 vulq.
2286 3132 2299 3179 11
2313 3134 2487 3176 postquam
2540 3176 2542 3178 v
2587 3168 2592 3171 ,
