2476 3854
146 77 254 122 Nov.
285 78 508 123 CXXXIII
537 93 597 135 pr.
1212 80 1296 129 666

145 186 353 245 κιζρώᾳομεν
377 189 559 234 ἐκκλησίᾳ,
591 193 663 246 τοῖς
689 188 729 225 δὲ
751 188 1068 243 παρασυνάγουσιν
1091 190 1115 236 ἢ
1137 193 1226 239 πρὸς
1294 197 1440 231 sanctae
1462 203 1520 230 ass
1580 203 1680 231 amus
1703 194 1885 239 ecclesiae,
1908 194 1964 232 his
1980 197 2098 231 autem
2121 194 2182 240 qui
2198 195 2366 241 colligunt

145 246 276 269 αυτους
305 238 556 283 συναγομένοις
590 246 654 269 τας
685 236 723 268 ἐκ
755 246 832 288 των
863 233 1068 277 διατάξεων
1098 238 1226 274 ποινὰς
1293 243 1356 276 aut
1379 240 1439 285 qui
1461 249 1534 284 apu
1582 248 1621 275 se
1643 239 1857 285 colliguntur
1878 250 1923 276 ex
1946 239 2257 277 constitutionibus
2279 250 2364 287 poe-

144 280 353 324 ἐπαχθῆναι
377 281 468 316 πᾶσι
491 281 638 325 τρόποις
669 278 866 324 κελευομεν.
1292 295 1358 322 nas
1381 284 1508 321 inferri
1530 284 1692 322 omnibus
1714 285 1828 321 modis
1850 285 2023 322 iubemus.

188 324 272 361 Dat.
291 325 382 370 prid.
404 336 486 360 non.
503 324 615 370 April.
639 324 707 361 GP.
729 324 847 371 (imp.)
871 325 929 361 dn.
950 326 1139 363 Iustiniani
1215 358 1222 365 .

143 368 236 415 Aug.
270 381 363 407 anno
393 370 525 406 XVIII.
558 373 640 415 post
673 381 767 406 cons.
802 371 926 406 Basilii
956 382 1009 408 vc.
1041 382 1134 461 8.υέιο
1145 339 1223 455 5213.
1261 378 1280 411 5

1099 430 1131 454 a.
1172 422 1223 462 ·4]

1927 95 2139 136 QUOMODO
2166 95 2369 130 OPORTET

643 597 725 640 ᾖ*
1732 607 1928 646 CXXXIII.

141 669 330 740 ΠΕΡΙ
374 671 765 725 ΜΟΝΑΧῼΝ
809 672 948 726 ΚΑΙ
983 675 1220 728 ΑΣΚΗ-
1318 678 1371 727 Β
1403 676 1735 738 QUOMODO
1771 677 2087 728 OPORTET
2122 675 2332 727 MONA-

141 737 365 790 ΤΡΙῼΝ
394 739 533 791 ΚΑΙ
564 739 925 792 ΔΙΑΓῼΓΗΣ
955 742 1219 795 ΑΥΤῼΝ.
1553 745 1726 796 OHOS
1763 746 2019 795 VIVERE
2050 745 2102 794 ‚R

139 812 389 862 Αὐτοκράτωρ
411 814 659 852 ’Ῑουστινιανὸς
682 816 888 865 Αὔγουστος
909 816 1059 868 Ἰωάννῃ
1087 822 1140 864 τῷ
1165 822 1220 856 ἐν·
1235 824 1276 857 10
1431 820 1530 857 Idem
1552 822 1645 867 Aug.
1670 822 1798 857 Menae
1820 822 2024 858 beatissimo
2046 820 2227 867 episcopo.

141 859 325 911 ὃοξοτάτῳ
350 863 495 907 ἐπάρχῳ
527 864 604 897 τῶν
629 863 737 909 ἱερῶν
768 864 830 906 τῆς
852 860 964 907 ‘Euius'
987 870 1222 911 πραιτωρίων

140 919 183 939 το
202 903 380 952 δεύτερον,
406 904 479 942 ἀπὸ
500 907 656 942 ὑπάτων
676 905 929 954 <ὄρδιναρίων>
952 913 1012 943 καὶ
1030 915 1220 956 πατρικίῳ.

183 975 485 1030 (Προοίμιον.)
529 973 567 1010 ‘0
588 976 743 1021 μονήρης
762 979 839 1020 βίος
867 980 926 1009 καὶ
950 974 972 1021 ἡ
996 976 1078 1012 κατ’
1105 975 1218 1013 αὐτὸν
1354 976 1643 1023 (Praefatio.)
1696 977 1889 1023 SIngularis
1923 977 1995 1014 vita
2025 976 2172 1022 eiusque
2206 980 2361 1013 contem·

139 1018 283 1064 θἐωρία
305 1031 454 1066 πραγμα
479 1021 580 1055 ἐστιν
604 1021 702 1066 ἱερὸν
725 1024 784 1055 καὶ
809 1018 879 1055 ἀνά
903 1035 946 1056 ον
971 1020 1135 1058 αὐτόθεν
1156 1024 1218 1058 τὰς
1286 1023 1398 1068 platio
1427 1032 1484 1058 res
1514 1026 1568 1058 est
1599 1032 1704 1058 sacra
1734 1026 1770 1058 et
1799 1033 1842 1059 ex
1870 1024 1941 1059 1100
1971 1023 2121 1059 evehens
2151 1022 2288 1058 animas
2316 1022 2363 1058 ad

139 1064 269 1117 ψυχὰς*
280 1065 327 1098 εἰς
359 1062 463 1107 θἐόν,
495 1068 554 1099 καὶ
584 1063 626 1100 οὗ
656 1066 770 1110 μόνον
793 1063 869 1112 ὥφε
893 1068 958 1102 οὖν
986 1065 1114 1103 αὐτοὺς
1137 1069 1218 1102 τοὺς
1237 1072 1272 1104 15
1287 1068 1409 1112 deum,
1446 1070 1482 1103 et
1511 1077 1583 1102 11011
1612 1068 1727 1103 solum
1756 1068 1879 1104 iuvans
1907 1077 1968 1104 eos
1998 1067 2059 1112 qui
2089 1067 2136 1103 ad
2163 1068 2233 1103 hoc
2259 1077 2362 1103 acce-

139 1110 185 1143 εἰς
208 1122 315 1143 τουτο
338 1109 556 1156 παριόντας,
583 1108 674 1145 ἀλλὰ
699 1115 758 1145 καὶ
781 1115 855 1146 τοῖς
878 1111 995 1147 ἄλλοις
1018 1110 1134 1148 ἅπασι
1157 1111 1218 1148 διὰ
1288 1113 1385 1155 dunt,
1419 1113 1480 1148 sed
1503 1112 1610 1148 etiam
1633 1113 1713 1148 aliis
1737 1113 1900 1148 omnibus
1928 1123 1991 1158 per
2014 1113 2089 1148 eius
2112 1112 2303 1158 puritatem
2326 1113 2363 1148 et

139 1156 201 1198 τῆς
232 1151 342 1189 αὐτοῦ
372 1153 625 1202 καθαρότητος
654 1159 714 1190 καὶ
743 1157 805 1200 τῆς
834 1157 923 1203 πρὸς
954 1157 1047 1192 θεὸν
1072 1158 1219 1193 ἱκετείας
1287 1158 1580 1204 supplicationem
1611 1158 1657 1193 ad
1682 1159 1785 1193 deum
1808 1159 1983 1203 praebens
2009 1158 2205 1203 inspectam
2228 1157 2361 1193 utilita-

138 1199 385 1244 παρεχόμενον
408 1201 478 1244 τὴν
500 1204 710 1246 πρέπουσαν
733 1199 919 1248 ὠφέλειαν.
967 1199 1062 1238 ὅθεν
1085 1206 1157 1238 τοῖς
1179 1217 1219 1238 τε
1286 1206 1368 1239 tem.
1420 1203 1519 1238 Unde
1542 1206 1579 1238 et
1601 1203 1728 1248 priscis
1752 1203 2023 1249 imperatoribus
2053 1202 2161 1239 studii
2183 1202 2252 1238 fuit
2281 1206 2318 1237 et
2340 1211 2364 1238 a

139 1243 267 1300 πρώην
299 1243 559 1291 αὐτοκράτορσι
594 1248 702 1281 τοῦτο
734 1245 1016 1282 διεσπούδασται
1046 1252 1106 1282 καὶ
1133 1246 1220 1293 ἡμῖν
1288 1248 1390 1284 nobis
1422 1258 1494 1284 non
1524 1258 1641 1293 pauca
1671 1249 1809 1284 sancita
1839 1251 1922 1284 sunt
1953 1248 1996 1283 de
2024 1258 2147 1284 eorum
2177 1248 2363 1284 honestate

138 1303 181 1324 ov
203 1293 332 1335 μέτρια
355 1291 643 1335 νενομοθέτηται
666 1295 747 1338 περὶ
770 1293 833 1335 τῆς
853 1289 977 1327 αὐτῶν
1001 1291 1220 1338 σεμνότητός
1234 1296 1275 1329 20
1288 1297 1324 1329 et
1347 1297 1486 1329 ornatu.
1535 1293 1721 1338 Sequimur
1743 1294 1870 1329 etenim
1893 1303 2017 1329 sacras
2046 1293 2187 1337 regulas
2210 1295 2248 1329 et
2269 1292 2361 1328 snti-

138 1348 179 1391 ‘cs
198 1339 256 1368 καὶ
277 1335 520 1391 κοσμιότητος.
553 1334 823 1382 ἀκολουθοῦμεν
846 1337 913 1384 γὰρ
933 1341 1005 1372 τοῖς
1024 1339 1139 1373 θείοις
1159 1353 1218 1373 κα·
1311 1349 1375 1374 uos
1404 1343 1540 1384 patres,
1571 1338 1631 1384 qui
1660 1339 1750 1374 haec
1781 1341 1991 1382 sanxerunt,
2025 1339 2108 1383 quia
2138 1337 2227 1374 nihil
2257 1347 2364 1382 Segne

138 1392 221 1414 νοσι
244 1384 304 1414 καὶ
327 1384 400 1415 τοῖς
419 1381 636 1428 αγιωτάτοις
659 1382 854 1429 πατράσιν,
878 1383 981 1429 οἵπερ
1002 1385 1119 1418 ταῦτα
1143 1386 1218 1419 ἐνο-
1314 1386 1329 1418 t
1359 1384 1404 1419 ad
1427 1384 1670 1430 quaestionem
1691 1384 1838 1430 imperio
1871 1394 2090 1420 communem
2120 1383 2275 1418 omnium
2298 1383 2362 1418 ho-

137 1425 361 1478 μρθέτησαν,
395 1425 519 1471 ἐπειδὴ
550 1425 663 1471 μηδὲν
693 1426 836 1472 ἄβατόν
867 1430 967 1462 ἐστιν
997 1429 1045 1463 εἰς
1071 1429 1219 1472 ζήτησιν
1287 1429 1421 1464 minum
1455 1429 1726 1465 sollicitudinem
1764 1439 1810 1464 ex
1844 1428 1909 1465 deo
1949 1427 2167 1473 suscipienti.
2219 1427 2363 1463 Dudum

138 1484 182 1517 τῃ
213 1470 381 1515 βασιλείᾳ
411 1472 536 1516 κοινὴν
573 1472 724 1507 πάντων
758 1469 975 1520 ἇνθρρόπων
1005 1475 1220 1509 ἐπιστασίαν
1288 1474 1427 1519 quidem
1451 1474 1658 1519 scripsimus
1684 1475 1969 1511 constitutionem
1993 1474 2166 1509 volentem
2189 1473 2226 1508 in
2245 1471 2362 1508 multi-

138 1517 177 1549 ἐκ
202 1516 290 1549 θεοῦ
323 1515 594 1565 παραλαβούσῃ.
641 1516 710 1562 ἤδη
738 1519 805 1562 μὲν
829 1521 895 1553 οὐν
912 1517 1121 1566 ἐγράψαμεν
1141 1517 1216 1554 διά·
1231 1522 1272 1555 25
1286 1519 1409 1555 tudine
1437 1520 1625 1555 existentes
1654 1520 1848 1556 monachos
1878 1520 1915 1555 in
1944 1528 2130 1556 commune
2157 1517 2284 1563 degere
2306 1527 2362 1553 se·

138 1561 244 1602 ταξιν
262 1560 485 1607 βουλομένην
506 1563 588 1597 τοὺς
616 1564 663 1597 εἰς
686 1562 829 1607 πλῆθος
855 1562 963 1598 ὄντας
985 1564 1161 1609 μοναχοὺς
1185 1566 1224 1600 ἐν

196 1653 281 1686 Νου.
303 1654 505 1686 CXXXIII
523 1656 579 1695 (=
596 1656 748 1687 Authent.
767 1655 941 1696 CXXXI)
969 1655 1093 1690 Graece
1117 1663 1203 1690 extat
1224 1658 1257 1689 in
1275 1656 1358 1698 ML,
1383 1657 1413 1689 A
1436 1658 1484 1690 tit.
1497 1658 1518 1690 4
1531 1658 1565 1700 s.
1583 1658 1665 1698 201,
1690 1657 1723 1690 in
1743 1656 1935 1690 Collectione
1951 1655 2067 1689 XXV
2082 1654 2295 1698 capitulorum
2318 1654 2360 1688 23

137 1698 195 1739 (=
217 1698 269 1739 C),
294 1711 320 1732 c.
338 1701 352 1732 1
373 1700 464 1741 (667,
478 1707 509 1732 15
529 1699 752 1742 Θεσπίζομεν
774 1697 912 1741 μηδένα
925 1725 1022 1732 .....
1026 1703 1036 1741 )
1052 1701 1124 1734 -6
1148 1703 1181 1735 in
1205 1702 1254 1734 B⁶
1278 1703 1350 1743 4,1,
1367 1708 1475 1735 17-24.
1500 1720 1544 1726 —
1575 1702 1665 1746 Epit.
1691 1701 1812 1735 Theod.
1836 1701 1897 1735 133
1923 1701 2010 1742 (inde
2031 1700 2189 1743 pleraque
2208 1700 2242 1733 in
2266 1698 2319 1733 ΒΤ
2328 1700 2362 1741 4,

135 1744 299 1785 1‚17—23)‚
338 1744 458 1778 Athan.
477 1746 552 1787 1,14
576 1746 664 1786 (inde
692 1745 770 1778 Coll.
795 1752 892 1778 const.
918 1746 991 1778 eccl.
1016 1745 1082 1779 III
1094 1747 1124 1788 1,
1138 1749 1194 1788 14).
1241 1747 1319 1780 Duo
1341 1753 1510 1780 servantur
1533 1747 1731 1790 exemplaria
1753 1747 1985 1780 constitutionis
2008 1747 2041 1779 in
2066 1745 2252 1779 lectionibus
2275 1744 2365 1778 haud

138 1801 215 1821 raro
241 1790 323 1822 inter
344 1802 379 1823 se
403 1791 642 1833 discrepantia,
667 1790 801 1823 alterum
826 1791 1010 1834 inscriptum
1035 1791 1180 1824 Iohanni
1195 1793 1305 1835 praef.
1326 1800 1435 1835 praet.
1461 1793 1494 1825 in
1519 1792 1673 1833 MLAB,
1703 1792 1837 1825 alterum
1861 1790 1981 1824 Menae
2010 1791 2253 1834 archiepiscopo
2276 1790 2310 1823 in
2337 1788 2368 1823 C

139 1840 169 1866 et
191 1845 211 1869 ς
235 1835 392 1878 (idemque
415 1837 515 1869 secuti
535 1843 610 1869 sunt
633 1836 708 1868 Ath.
735 1843 764 1868 et
789 1835 935 1876 Theod.).
1604 1850 1606 1854 ’

136 1939 285 1970 sanctae
307 1935 478 1970 ecclesiae
501 1945 577 1970 esse
600 1933 821 1976 addietum-e,
847 1934 891 1969 iis
914 1938 1045 1976 autem,
1071 1935 1134 1980 qui
1157 1935 1402 1971 conventicula
1425 1935 1553 1971 illicita
1576 1933 1732 1971 habeant
1756 1938 1821 1970 aut
1842 1934 1906 1980 qui
1928 1933 2031 1980 apud
2052 1943 2116 1969 eos
2138 1932 2360 1976 conveniant,

131 1990 275 2027 poenas
299 1991 347 2016 σω
371 1980 510 2025 leqibus
533 1980 746 2015 constitutas
768 1979 886 2026 insliqi
909 1991 975 2015 nos
999 1981 1161 2016 omnibus
1184 1981 1298 2016 modis
1320 1981 1454 2017 iubere.
1736 1998 1739 2000 v
1972 2006 1974 2008 -

263 2182 365 2234 DE
397 2181 773 2234 MONACHJS
806 2181 902 2232 ΕΤ
928 2113 1635 2234 ΕΑΝΟΤΞΞῖΞΞΤΑᾹῙΒΠΕ
1667 2180 1760 2232 ΕΤ
1795 2179 1952 2232 VITA
1988 2178 2247 2231 EORUM.

183 2260 389 2309 Imperator
412 2260 638 2297 lastinianus
661 2263 847 2307 Auqustus
871 2259 1031 2296 Iohanni
1053 2261 1323 2341 lqloriosissimo
1342 2262 1538 2308 praefecto
1561 2271 1668 2296 sacro
1696 2258 1851 2296 Orientis
1876 2259 2065 2306 praetorio
2089 2258 2237 2301 iterum,
2267 2269 2317 2294 ex

940 2317 1051 2342 consu
1066 2318 1086 2342 e
1104 2306 1329 2352 (ordinario)
1351 2312 1385 2343 et
1401 2306 1575 2354 patricio.

273 2373 530 2420 Praefatio.
587 2373 669 2408 Vita
692 2373 902 2408 monachica
933 2378 969 2410 et
992 2385 1086 2420 quae
1117 2375 1154 2410 in
1178 2386 1221 2410 ea
1242 2375 1435 2421 peraqitur
1458 2372 1714 2420 contemplatio
1744 2382 1804 2408 res
1825 2374 1881 2407 est
1909 2381 2018 2407 sacra
2048 2380 2212 2422 quaeque
2233 2373 2362 2416 suapte

137 2423 273 2455 natura
296 2420 436 2454 animas
467 2418 517 2454 ad
539 2418 643 2454 deum
667 2418 827 2454 adducat
857 2429 972 2464 neque
1001 2419 1091 2466 ipsis
1118 2419 1233 2454 solum
1256 2420 1356 2455 utilis
1377 2419 1424 2454 sit
1455 2419 1520 2464 qui
1539 2429 1578 2454 se
1609 2418 1658 2454 ad
1680 2428 1758 2454 eam
1781 2417 1987 2463 conferunt,
2018 2415 2083 2451 sed
2104 2419 2211 2451 etiam
2234 2415 2363 2451 ceteris

139 2464 301 2500 omnibus
322 2475 390 2510 per
400 2465 598 2510 puritatem
620 2474 722 2499 suam
746 2463 875 2510 deique
895 2465 1138 2510 precationem
1162 2464 1330 2501 idoneam
1352 2463 1542 2500 utilitatem
1559 2466 1733 2510 praestet.
1787 2461 1885 2509 Unde
1907 2465 1944 2497 et
1965 2460 2010 2496 ab
2034 2459 2275 2511 anterioribus
2297 2459 2362 2494 im—

135 2509 367 2556 peratoribus
398 2511 437 2544 in
466 2520 508 2544 ea
539 2520 580 2544 re
609 2509 767 2544 studium
798 2508 1013 2544 collocatum
1044 2514 1099 2544 est
1126 2517 1162 2545 et
1191 2521 1214 2544 a
1237 2509 1341 2545 nobis
1371 2519 1444 2545 non
1464 2519 1587 2555 pauca
1618 2508 1662 2543 de
1686 2518 1808 2543 eorum
1839 2506 2027 2542 honestate
2055 2509 2164 2552 atque
2186 2503 2363 2551 dtqnitate

137 2555 278 2590 sancita
301 2560 392 2589 sunl.
441 2553 632 2600 Sequimur
654 2555 746 2589 enim
770 2553 911 2589 divinos
934 2564 1091 2590 canones
1113 2559 1148 2590 et
1170 2555 1418 2590 sanctissimos
1433 2559 1576 2600 patres,
1607 2553 1670 2599 qui
1702 2551 1791 2588 haec
1820 2555 2040 2592 sanxerunt,
2072 2548 2363 2597 quandoquidem

137 2598 228 2634 nihil
246 2610 320 2634 non
338 2600 504 2645 pervium
528 2598 577 2634 ad
591 2599 857 2644 inquisitionem
882 2599 1008 2634 existit
1027 2600 1282 2646 imperatoriae
1304 2599 1486 2635 maiestati
1506 2609 1600 2644 quae
1616 2607 1835 2633 communem
1859 2596 2016 2632 omnium
2035 2594 2216 2631 hominum
2238 2603 2363 2646 euram

137 2655 162 2678 a
185 2644 252 2679 deo
275 2645 447 2691 percepit.
496 2645 612 2690 Atque
635 2645 706 2678 iam
730 2643 942 2690 scriymimus
965 2645 1106 2690 quictem
1131 2645 1440 2686 constitutionem,
1472 2653 1565 2689 quae
1589 2642 1664 2680 vult
1686 2641 1893 2684 monachos,
1924 2641 1988 2686 qui
2011 2650 2179 2687 magnam
2205 2639 2362 2675 multitu-

193 2757 214 2789 4
227 2758 345 2787 subscr.
362 2768 419 2787 om.
434 2767 453 2790 ς
470 2754 482 2797 11
499 2755 530 2787 (1.
547 2754 609 2796 pri.
626 2746 648 2786 {³1
664 2765 732 2797 apr.
748 2766 797 2799 cp.
811 2756 856 2788 M
876 2752 953 2788 δατ.
967 2767 1042 2788 νον.
1060 2751 1216 2798 Ἀπριλλ.

138 2801 215 2834 Ath.
241 2798 455 2844 ἐξεφωνήθη
479 2802 565 2842 μηνὶ
584 2799 682 2842 μαΐῳ
707 2801 825 2834 Theod.
845 2801 857 2844 11
872 2797 1055 2845 βασιλείας
1076 2796 1218 2833 Ἰουστι-

139 2845 265 2880 νιανοῦ
289 2844 332 2877 τὸ
355 2842 398 2885 ιη’
418 2846 493 2877 Ath.
529 2845 582 2877 dn.
607 2844 684 2877 iust.
709 2856 764 2888 pp.
789 2856 864 2887 aug.
892 2846 948 2887 M,
973 2858 1032 2879 om.
1056 2845 1175 2878 Theod.
1207 2843 1219 2889 11

141 2892 160 2924 5
177 2888 268 2934 μετὰ
285 2887 354 2931 τὴν
370 2887 548 2923 ’ὑπατείαν
564 2887 754 2922 Βασιλείου
770 2888 811 2922 τὸ
830 2892 1004 2935 τέταρτον
1024 2886 1068 2930 (δ’
1085 2890 1219 2929 Theod.)

139 2937 215 2970 Ath.
228 2936 346 2968 Theod.
368 2934 481 2966 basilii
493 2944 543 2966 uc.
559 2944 661 2966 conss.
677 2936 721 2967 Μ
725 2947 732 2973 ;
750 2945 837 2967 anno
846 2936 913 2968 111.
928 2937 1065 2968 restituit
1075 2935 1198 2968 Biener
1201 2933 1219 2986 11

141 2982 261 3016 Srubr.
288 2981 376 3024 Περὶ
401 2998 442 3003 —
469 2974 591 3011 αὐτῶν
610 2979 687 3012 ML
712 2981 764 3024 (cf
783 2982 869 3013 rubr.
891 2981 1015 3021 Β4,1)]
1040 2981 1130 3023 Περὶ
1154 2991 1218 3012 του

140 3028 214 3067 (om.
240 3037 273 3067 ς,
302 3020 426 3069 Ἑτέρα
450 3019 611 3063 διάταξις
635 3024 698 3056 τοῦ
720 3020 830 3058 αὐτοῦ
858 3025 901 3067 C)
932 3025 1008 3059 πῶς
1038 3022 1092 3058 δεῖ
1112 3024 1220 3068 βιοῦν

138 3070 221 3104 τοὺς
245 3068 339 3111 (τούς
363 3082 421 3103 om.
435 3070 523 3110 Ath.)
547 3066 721 3111 μοναχούς
742 3070 770 3103 C
778 3081 797 3105 ς
808 3070 882 3103 Ath.
898 3070 1017 3103 leeod.
1037 3069 1049 3113 11
1067 3072 1108 3103 10
1122 3070 1218 3103 inscr.

139 3111 390 3160 Αὐτοκράτωρ
414 3134 456 3138 -
481 3116 659 3158 πατρικίῳ
684 3115 714 3146 A
743 3115 812 3155 (ubi
830 3127 893 3157 pro
917 3110 1069 3159 ὑπάρχω
1094 3115 1222 3148 correxi

140 3160 286 3205 ἐπάρχῳ
305 3168 334 3193 et
350 3161 472 3193 inserui
487 3156 731 3203 ὁρὸιναρίων)]
755 3154 791 3192 ‘0
809 3155 916 3192 αὐτὸς
931 3157 1095 3202 βασιλεὺς
1109 3158 1218 3200 Μηνᾷ

139 3207 193 3248 τῷ
225 3201 494 3250 μακαριωτάτη)
526 3203 715 3246 ἐπισκόπῳ
752 3204 780 3237 C
788 3215 807 3239 ς
849 3200 887 3237 Ὁ
917 3200 1026 3237 αὐτὸς
1082 3201 1220 3236 acal-affe

141 3251 250 3293 Μηνᾶ
276 3249 465 3292 ἐπισκόπῳ
487 3243 912 3283 Κωνσταντινονπόλεως
936 3250 1022 3289 Am„
1062 3250 1090 3282 0
1114 3245 1221 3281 αὐτὸς

139 3284 305 3340 βασιλεὺς
328 3294 466 3338 ἰωάννη
489 3294 542 3328 τῶ
565 3292 833 3338 μακαριωτάτω
858 3289 1129 3339 ἇρχιεπισκόπω
1147 3293 1220 3326 ML

141 3343 273 3375 duorum
305 3342 532 3384 exemplarium
570 3341 830 3383 inscriptionibus
861 3351 1032 3382 perperam
1069 3339 1219 3371 contami-

140 3385 257 3430 nacisfl
281 3387 321 3420 13
348 3382 470 3419 αὐτῶν
497 3385 536 3418 Μ
556 3385 567 3428 11
595 3386 637 3419 14
660 3381 788 3431 ἐνάγον
816 3378 1141 3426 ου.1.11αὗτόθεν]
1166 3383 1217 3414 ἐν-

140 3430 275 3464 τεῦθεν
298 3432 330 3464 A
346 3431 358 3474 11
386 3434 426 3465 15
450 3430 509 3471 εἰς]
532 3429 622 3475 πρὸς
645 3430 676 3463 A
694 3430 706 3472 11
728 3424 855 3463 αὐτοὺς
878 3441 936 3462 om.
950 3428 1004 3470 A}
1037 3429 1076 3461 16
1101 3426 1219 3467 τοῦτο]

141 3473 230 3509 αὐτὸ
256 3476 286 3509 Α
304 3476 316 3515 ΙΙ
334 3474 518 3520 παρόντας
540 3476 604 3509 AL
621 3475 634 3519 ΙΙ
663 3477 700 3509 17
726 3473 827 3518 πρὸς]
852 3473 899 3506 εἰς
919 3472 979 3551 AX!
996 3474 1169 3515 ιερατείας
1198 3474 1226 3506 C

140 3533 170 3554 v·
185 3522 202 3554 l.
221 3522 233 3564 11
259 3523 299 3555 18
324 3523 546 3565 πρέπουσαν]
571 3521 777 3564 inspectam?
801 3531 820 3556 ς
843 3518 855 3562 11
879 3513 959 3562 ὠφέ
978 3519 1067 3558 ειαν]
1093 3514 1220 3558 ὄνησιν

141 3566 171 3598 Α
188 3566 199 3607 11
221 3568 261 3599 19
284 3567 393 3599 τοῦτο
418 3579 476 3599 om.
490 3578 509 3603 ς
527 3567 538 3609 11
555 3562 827 3607 ὃιεσπουδάσθη
843 3564 874 3597 A
899 3559 1142 3596 έσπούὸασται
1159 3562 1189 3594 L
1211 3569 1212 3594 1

142 3612 185 3643 20
201 3614 353 3656 μετρίως
373 3612 402 3644 C
414 3611 425 3649 11
445 3612 483 3644 21
503 3623 543 3643 τε
559 3613 618 3643 καὶ
634 3608 866 3653 κοσμιότητος
891 3622 948 3643 οηι.
963 3608 1009 3641 M
1020 3607 1031 3646 ΙΙ
1048 3608 1090 3640 22
1111 3604 1220 3651 ἁγιω-

141 3652 263 3687 τάτοις
287 3657 378 3697 MA]
414 3652 527 3701 ἁγίοις
550 3657 580 3689 L
616 3652 808 3700 ἇνωτέροις
835 3655 864 3688 C
873 3666 891 3690 ς
921 3654 932 3697 ΙΙ
960 3651 1084 3696 οἷσπερ
1106 3651 1221 3685 ταῦτα

1286 2752 1574 2797 νενομοθέτηται
1597 2754 1628 2787 Α
1645 2753 1657 2797 11
1676 2754 1718 2787 23
1743 2750 1896 2797 ἄβατον]
1921 2747 2035 2798 ἀργὸν
2061 2752 2142 2794 cst)
2159 2751 2171 2795 11
2188 2750 2235 2785 εἰς
2258 2750 2362 2795 ζήτη-

1286 2810 1346 2844 σιν
1366 2800 1466 2832 ἐστὶν
1491 2798 1542 2838 CH
1562 2800 1603 2832 25
1629 2799 1667 2831 ἐκ
1689 2799 1754 2832 τοῦ
1779 2798 1870 2832 θεοῦ
1895 2799 1960 2832 AC
1972 2799 1984 2842 11
2001 2795 2275 2841 παραλαβοῦσιν
2298 2797 2330 2830 L
2351 2794 2364 2841 ΙΙ

1285 2845 1351 2877 οὐν
1376 2857 1434 2877 om.
1449 2845 1478 2877 A
1497 2843 1509 2887 11
1532 2841 1710 2885 διάταξιν]
1735 2846 1799 2890 (ῆι
1824 2844 1900 2877 add.
1918 2843 1947 2877 C
1959 2855 1988 2876 v.
2004 2843 2024 2876 l.
2049 2843 2111 2876 Est
2131 2855 2202 2876 nov.
2222 2841 2257 2875 V

1343 2924 1357 2955 1
1386 2921 1589 2963 assignamus
1607 2922 1637 2954 R
1650 2922 1748 2965 vul9.]
1774 2932 1827 2954 eas
1850 2921 2019 2962 signamus
2039 2920 2074 2953 V
2090 2929 2143 2952 eas
2158 2920 2363 2961 assignamus

1289 2967 1320 2999 T
1332 2967 1344 3010 11
1362 2966 1531 3008 collegunt
1552 2966 1607 3009 Vss
1625 2967 1644 2999 2
1666 2966 1877 3008 colleguntur
1895 2966 1928 2999 T
1947 2965 1960 3008 11
1983 2967 2004 2998 4
2023 2965 2285 3007 subscriptionem
2301 2976 2360 2997 om.

1287 3012 1379 3052 libri,
1396 3024 1468 3044 nam
1486 3023 1570 3054 quae
1585 3024 1624 3044 ez·
1636 3011 1862 3054 Neoburqensi
1872 3012 2007 3053 prolata
2022 3017 2068 3042 est
2082 3010 2123 3042 ab
2138 3009 2361 3050 Heimbachio,

1287 3057 1332 3089 ad
1354 3057 1452 3088 Auth.
1473 3056 1641 3090 CXXXI
1660 3070 1704 3083 =
1728 3067 1797 3088 nov.
1818 3054 2025 3088 CXXXIII
2039 3055 2180 3097 pertinet
2204 3054 2217 3096 11
2246 3055 2265 3086 7
2290 3065 2361 3087 nov.

1290 3101 1490 3134 CXXXIII
1504 3117 1549 3129 =
1567 3100 1664 3133 Auth.
1682 3099 1843 3133 CXXXI
1863 3101 2015 3133 omittitur
2038 3100 2071 3132 in
2095 3098 2175 3139 RV,
2207 3101 2239 3132 in
2262 3098 2295 3132 T
2314 3099 2362 3132 bie

1287 3147 1402 3189 leyitur
1409 3146 1443 3189 f.
1460 3146 1538 3179 163*
1551 3152 1580 3177 et
1594 3157 1614 3177 a
1628 3146 1756 3177 diversa
1772 3157 1867 3177 manu
1879 3146 2002 3186 scripta
2020 3144 2052 3176 in
2065 3144 2244 3187 appendice
2255 3151 2360 3177 extra-

1286 3188 2330 3277 emaragineriiTsimistea-tiz·
2349 3186 2363 3267 ι’

1286 3272 1543 3321 (archiepiscopo
1568 3291 1649 3312 corr.
1663 3280 1764 3322 ναῖς.)
1781 3278 1793 3322 ΙΙ
1810 3244 1859 3312 Ι1ΙΞ
1876 3244 2026 3320 Singuiis
2045 3244 2094 3312 Tg
2111 3278 2124 3322 11
2141 3278 2209 3310 vita
2225 3279 2361 3320 eiusque

1286 3324 1465 3367 (huiusque
1488 3324 1599 3368 vulq.)]
1637 3323 1707 3356 uite
1729 3324 1781 3357 ius
1804 3325 1902 3366 atque
1929 3331 1939 3357 t
1973 3323 2063 3356 uitae
2087 3322 2262 3365 utriusque
2289 3323 2322 3356 T
2349 3319 2362 3368 11

1289 3382 1331 3414 14
1346 3391 1398 3413 res
1415 3382 1463 3412 est
1478 3380 1576 3424 vulq]
1600 3379 1648 3412 rei
1666 3381 1714 3412 est
1731 3387 1743 3413 t
1759 3380 1801 3412 al.
1827 3382 1877 3413 est
1892 3379 1941 3413 rei
1961 3381 1993 3413 T
2006 3380 2018 3421 11
2037 3381 2076 3414 17
2089 3369 2229 3422 inssstam
2247 3379 2319 3421 (sic)
2332 3384 2359 3416 t;

1288 3426 1348 3468 leq.
1372 3425 1517 3457 iustam?
1533 3427 1545 3466 11
1575 3426 1615 3458 18
1639 3424 1705 3457 fuit
1725 3424 1828 3457 studii
1850 3424 1890 3469 tl}
1917 3427 1956 3459 19
1978 3435 2044 3458 11011
2068 3437 2127 3458 om.
2146 3424 2195 3458 T¹
2213 3422 2227 3468 11
2248 3423 2360 3456 sancta

1289 3470 1338 3503 T²
1353 3478 1363 3503 t
1381 3470 1451 3511 1120
1473 3472 1591 3502 ornato
1616 3470 1667 3502 Τιι
1685 3470 1754 3512 1121
1781 3469 1909 3512 *segne
1931 3469 1968 3502 fit
1993 3469 2034 3502 ad
2057 3469 2280 3511 quaestionem
2299 3468 2359 3500 im-

1286 3515 1390 3558 perio]
1409 3514 1574 3557 significat
1590 3513 1674 3557 (sigi
1693 3516 1715 3556 t)
1736 3516 1962 3556 quaestionem
1981 3517 2014 3547 et
2029 3513 2066 3548 tii
2078 3514 2166 3557 perit
2181 3512 2293 3556 (periit
2311 3510 2360 3545 T¹

1286 3559 1374 3602 parit
1390 3560 1422 3592 Τ
1426 3559 1451 3595 ²)
1469 3561 1517 3592 Tt
1527 3561 1568 3592 al.
1590 3559 1661 3592 sine
1674 3560 1727 3591 via
1739 3559 1780 3592 ad
1793 3559 2018 3601 quaestionem
2034 3562 2084 3592 est
2099 3558 2237 3602 imperio
2249 3553 2360 3601 vulq-{l

1288 3606 1329 3638 22
1354 3605 1502 3638 omnium
1518 3605 1616 3647 vulo]
1641 3604 1792 3638 omnibus
1814 3612 1826 3638 t
1848 3604 2065 3646 omnibusque
2082 3603 2115 3638 T
2131 3603 2144 3647 fl
2162 3603 2204 3637 23
2228 3601 2357 3645 quidem

1286 3649 1413 3683 dudum
1434 3650 1467 3684 T
1482 3649 1495 3694 11
1515 3650 1555 3683 25
1580 3649 1734 3692 degerere
1758 3657 1770 3684 t
