2476 3854
128 93 238 138 Nov.
264 94 402 139 CXIII
432 98 456 138 3
488 110 552 152 ep.

126 205 250 240 αὐτῶν
273 204 408 240 εἰδέναι
432 207 621 252 πρόνοιαν,
646 208 705 238 καὶ
724 203 862 249 μηδένα
886 204 992 240 τόνδε
1014 204 1120 250 ἡμῶν
1142 205 1210 240 τὸν

125 251 231 285 θεῖον
262 250 680 297 παραπροςποιὴσασθαι
711 249 826 293 νόμον
855 249 946 295 μηδὲ
970 250 1122 298 ἄγνοιαν
1145 249 1205 286 ἐπ’

126 293 226 338 αὐτῷ
253 296 532 342 προτείνεσθαι,
562 295 789 339 θεσπίζομεν
812 293 872 340 ἐφ’
899 297 1047 340 ἑκάστης
1070 293 1207 331 ὑποθέ-

125 352 216 374 σεως
238 337 350 385 ἇρχὴν
375 339 473 386 παρὰ
499 339 649 387 δικαστῇ
675 339 925 384 λαμβανούσης
947 343 987 375 ἐκ
1006 345 1209 396 προοιμίων

125 383 235 419 εὐθὺς
258 389 318 419 καὶ
342 385 413 431 πρὸ
439 382 547 427 αὐτῆς
571 386 634 428 τῆς
656 386 734 419 τῶν
758 384 963 432 προςώπων
976 389 1208 430 βεβαιωσεως

126 433 164 476 ἐγ
188 430 375 476 ράφεσθαί
403 443 444 464 τε
475 427 588 463 αὐτὸν
618 432 680 463 καὶ
711 431 788 463 τῶν
817 427 1092 474 ὑπομνημάτων
1113 435 1206 478 γίνε-

126 444 218 509 agai
246 478 358 520 μέρος.
413 471 511 508 οὕτω
539 474 611 521 γὰρ
642 473 687 508 ἂν
718 476 795 509 τῶν
826 478 1090 520 πραττομένων
1121 489 1206 522 προ·

126 519 280 564 λάμπων
303 517 474 554 κωλύσειε
497 519 543 553 τὰ
569 518 666 564 παρὰ
687 518 757 562 τὴν
785 517 895 554 αὐτοῦ
919 519 1075 566 δύναμιν
1098 523 1205 568 ἔγχει·

124 563 279 609 ρούμενα
303 568 388 610 περί
408 577 448 599 τε
470 564 518 598 τὰ
542 563 634 598 ἄλλα
658 568 743 609 περί
763 577 804 598 τε
824 562 939 608 αὐτὴν
961 563 1008 600 οἷς
1023 565 1116 600 εἰκὸς
1137 565 1207 609 τὴν

1205 92 1291 140 532
1321 135 1333 142 .

1722 109 1770 139 IN
1797 108 1937 141 nmmo
1964 109 2081 146 LH'IS
2107 109 2199 143 NON
2226 111 2348 143 mmm

1276 207 1380 250 tiam,
1413 209 1450 242 et
1471 206 1590 242 nullus
1614 207 1708 243 hanc
1738 217 1880 243 sacram
1910 210 2069 244 nostram
2099 208 2349 246 circumveniat

1275 252 1385 297 legem
1417 261 1531 295 neque
1552 252 1790 297 ignorantiam
1817 253 1856 288 in
1879 262 1922 288 ea
1970 256 2138 298 reponat,
2169 254 2347 290 sancimus

1275 297 1311 331 in
1328 306 1541 341 unoquoque
1559 297 1698 341 negotio
1714 298 1852 332 initium
1871 264 1968 342 apag
1980 298 2132 334 iudicem
2152 298 2348 344 accipiente

1276 352 1320 377 ex
1342 341 1531 386 prooemiis
1550 352 1635 378 mox
1664 346 1700 378 et
1723 347 1806 378 ante
1828 342 1943 387 ipsam
1974 353 2208 388 personarum
2230 344 2347 379 firma-

1242 390 1261 421 5
1276 387 1406 422 tionem
1429 386 1576 422 inscribi
1599 397 1676 422 eam
1706 390 1742 422 et
1765 391 2071 423 monumentorum
2098 388 2175 424 fieri
2198 393 2345 433 partem.

1275 432 1332 466 Sic
1351 431 1445 466 enim
1467 431 1576 475 gestis
1598 432 1824 477 praefulgens
1847 433 2051 477 prohibebit
2070 443 2113 468 ea
2133 443 2224 485 quae
2245 443 2347 478 prae-

1274 480 1328 511 ter
1349 477 1423 511 eius
1442 477 1607 512 virtutem
1628 481 1847 522 temptantur
1864 478 1960 513 circa
1975 478 2046 513 alia
2069 481 2106 513 et
2121 488 2216 514 circa
2234 478 2349 523 ipsam

1274 521 1397 556 forsan
1421 530 1654 566 personarum
1676 522 1928 566 firmationem,
1952 525 1988 558 et
2010 522 2248 568 praevaricari
2270 533 2348 558 eam

1274 566 1470 601 nitentibus
1494 576 1558 611 per
1581 568 1728 602 multam
1756 568 1982 603 interminata
2004 567 2200 604 refrenabit
2221 578 2244 603 a
2266 568 2348 603 tali·

124 611 202 643 τῶν
215 608 420 662 προξώπων
435 612 647 662 βεβαίωσιν,
663 613 723 643 καὶ
741 613 815 644 τοῖς
830 614 1074 664 παραβαίνειν
1091 608 1206 645 αὐτὸν
1222 615 1261 646 10
1276 612 1341 646 bus
1375 621 1435 646 eos
1466 612 1815 657 praesumptionibus
1850 617 1887 648 et
1916 613 2070 658 propriis
2104 617 2245 658 tempus
2276 623 2348 648 non

124 657 343 699 ἑπιχειρουσι
370 653 431 688 διὰ
456 668 534 689 των
559 656 753 698 ἐπιτιμίων
780 653 940 689 ἀπειλῶν
965 659 1209 698 αναχαιτίσειέ

123 713 163 733 τε
186 701 264 733 τῶν
286 698 463 733 τοιούτων
487 696 617 733 αὐτοὺς
632 698 874 743 τολμημάτων
890 703 950 734 καὶ
965 704 1044 735 ταῖς
1063 701 1206 735 οἰκείαις

123 744 250 788 καιρὸν
275 742 339 777 οὐκ
363 744 459 778 ἐάσει
482 744 654 789 γίνεσθαι
679 748 829 779 ποιναῖς.
870 745 930 779 ἴνα
953 746 1022 791 γὰρ
1045 759 1205 792 παρανο-

122 794 211 831 μίαν
242 787 332 840 ὁμοῦ
355 792 415 823 καὶ
438 786 585 823 ἀδικίαν
616 787 676 823 διὰ
704 790 859 824 πάντων
883 789 1110 835 ἐκβάλωμεν,
1143 789 1205 824 διὰ

1275 656 1358 691 sinit
1381 656 1459 691 fieri
1481 656 1617 701 poenis.
1667 657 1714 692 Ut
1735 658 1828 693 enim
1847 657 2071 703 iniquitatem
2101 658 2206 694 simul
2235 661 2271 693 et
2293 657 2348 693 in-

1274 701 1462 736 iustitiam·
1477 711 1542 746 per
1565 701 1685 736 omnia
1706 703 1934 747 expellamus,
1965 706 2154 748 propterea
2180 712 2347 747 praesen-

1274 749 1345 781 tem
1368 746 1550 790 posuimus
1574 746 1702 790 legem,
1726 748 1881 793 undique
1903 757 1980 783 eam
2010 753 2048 784 et
2070 758 2134 793 per
2158 758 2235 783 eam
2258 748 2347 783 alias

1275 795 1399 826 cautas
1423 794 1460 826 et
1481 790 1844 828 incircumveniendas
1869 793 2109 829 custodientes
2133 793 2348 837 reipublicae

123 836 230 868 τοῦτο
261 847 330 868 τον
359 832 528 880 παρόντα
558 835 776 889 τεθείκαμεν
799 835 934 890 νόμον,
967 834 1206 879 πανταχόθεν
1223 839 1261 871 15
1273 837 1380 880 leges,
1405 836 1597 871 secundum
1621 847 1708 882 quas
1733 839 1769 872 et
1786 847 1852 872 nos
1870 838 1938 882 ipsi
1954 839 2137 884 imperium
2161 839 2226 874 deo
2242 838 2348 873 dante

124 877 237 913 αὐτόν
267 893 307 912 τε
336 883 395 912 καὶ
425 878 475 913 δι’
502 877 613 913 αὗτοῦ
641 891 724 914 τους
746 878 871 914 ἄλλους
893 880 1062 927 ασφαλεῖς
1084 894 1124 915 τε
1147 885 1206 914 καὶ

123 921 439 967 άνεπιβουλεύτους
457 923 697 969 φυλάττοντες
711 926 756 972 τῇ
775 925 939 968 πολιτείᾳ
951 924 1092 970 νόμους,
1108 925 1203 960 καθ’

122 966 181 1003 οὓς
201 966 297 1012 ἡμεῖς
319 982 361 1002 τε
384 968 487 1003 αὐτοὶ
511 968 580 1013 τὴν
611 968 802 1014 βασιλείαν
834 971 926 1004 θεοῦ
952 969 1076 1006 δόντος
1099 985 1206 1017 παρε-

121 1012 279 1058 λάβομεν
303 1013 557 1058 φυλάττεσθαί
577 1028 618 1048 τε
642 1013 712 1057 τὴν
731 1012 909 1061 ἡμετέραν
936 1015 1123 1051 πολιτείαν
1146 1019 1206 1050 καὶ

122 1056 187 1093 ὑπ’
215 1055 339 1093 αὐτῶν
363 1060 602 1105 φρουρεῖσθαι
631 1058 691 1093 διὰ
716 1059 855 1095 παντὸς
878 1059 1073 1103 εὐχόμεθα.

166 1102 229 1148 <'E
235 1118 262 1139 π
272 1108 287 1137 ί
291 1103 338 1138 λο
345 1106 452 1150 yos.)
500 1105 548 1138 Τὰ
565 1109 691 1139 τοίνυν
705 1105 945 1150 παραστάντα
960 1104 1047 1150 ἡμῖν
1067 1109 1127 1140 καὶ
1143 1104 1204 1140 διὰ

122 1148 227 1182 τοῦδε
250 1151 316 1183 τοῦ
337 1150 440 1183 θείου
462 1148 662 1193 δηλούμενα
687 1149 800 1194 νόμου
815 1149 837 1193 ἡ
854 1151 900 1194 σὴ
917 1149 1072 1197 ὑπεροχὴ
1089 1164 1204 1195 παρα-

123 1193 279 1239 φυλάξαι
301 1196 369 1238 μὲν
394 1194 600 1238 σπευσάτω,
634 1196 725 1230 πᾶσι
750 1194 790 1229 δὲ
813 1194 903 1239 δῆλα
927 1196 1203 1239 καταστησάτω,

123 1240 341 1285 προτιθεῖσα
358 1241 425 1283 μὲν
442 1237 557 1274 αὐτὸν
574 1241 665 1274 κατὰ
683 1240 820 1284 ταύτην
838 1241 907 1284 τὴν
922 1239 1117 1284 εὐδαίμονα
1136 1242 1204 1276 πό-

1275 882 1495 926 suscepimus
1527 882 1726 924 custodire,
1759 884 1989 929 nostramque
2017 883 2273 928 rempublicam
2300 883 2347 918 ab

1274 926 1330 961 his
1353 926 1482 962 muniri
1506 936 1647 972 semper
1669 930 1845 972 optamus.

1219 1063 1262 1096 20

1317 1105 1597 1151 (Epilogus.)
1632 1106 1731 1150 Quae
1751 1107 1859 1152 igitur
1877 1107 2088 1152 placuerunt
2107 1106 2209 1142 nobis
2229 1110 2266 1142 et
2284 1117 2350 1152 per

1271 1150 1364 1185 hanc
1398 1161 1537 1186 sacram
1573 1152 1756 1187 declarata
1790 1154 1875 1187 sunt
1905 1153 2034 1197 legem,
2075 1154 2139 1187 tua
2175 1152 2348 1188 celsitudo

1273 1206 1414 1231 servare
1434 1196 1575 1240 quidem
1592 1197 1743 1240 studeat,
1769 1197 1931 1232 omnibus
1950 1200 2068 1232 autem
2092 1197 2209 1242 palam
2226 1197 2348 1240 faciat,

1271 1251 1474 1286 proponens
1510 1241 1650 1286 quidem
1681 1252 1759 1277 eam
1793 1242 1831 1277 in
1862 1242 1930 1277 hac
1959 1242 2166 1278 felicissima
2196 1241 2347 1286 civitate,

124 1284 191 1324 λιν,
211 1283 456 1330 προςτάγμασι
480 1284 520 1319 δὲ
542 1289 615 1320 τοῖς
639 1286 678 1326 ἐξ
698 1286 806 1339 ἐξιῇ-ους
823 1287 1205 1341 χρ,ωμε’νη,πρός,τοὺς
1217 1289 1258 1321 25
1272 1287 1472 1331 praeceptis
1496 1289 1616 1321 autem
1640 1287 1869 1323 sollemnibus
1893 1290 1998 1324 utens
2021 1288 2067 1322 ad
2086 1287 2349 1332 provinciarum

120 1332 199 1364 τῶν
223 1331 408 1375 ἐπαρχιῶν
438 1328 669 1377 ἡγουμένους,
701 1342 788 1365 ωςτε
819 1343 960 1366 παντας
983 1332 1205 1377 ανθρωπους

121 1376 260 1421 γνῶναι
283 1378 342 1408 καὶ
367 1372 417 1409 δι’
442 1373 566 1419 αὐτοῦ,
589 1373 635 1419 ἢν
651 1373 714 1409 ἐπ’
728 1373 847 1410 αὐτοῖς
871 1378 998 1421 ἔχομεν
1014 1376 1203 1423 πρόνοιαν.

182 1421 265 1455 Dat.
289 1431 326 1455 x.
352 1421 388 1455 k.
413 1421 499 1456 Dec.
527 1421 596 1457 ΟΡ.
621 1421 706 1465 imp.
731 1421 790 1456 dn.
815 1422 1004 1457 Iustiniani
1026 1433 1086 1467 pp.
1110 1422 1203 1466 Aug.

121 1475 216 1500 anno
239 1465 317 1501 XV.
343 1466 477 1502 Basilio
502 1477 554 1502 vc.
581 1476 677 1502 cons.
1059 1470 1106 1509 [α.
1120 1469 1199 1510 541]

1271 1331 1464 1376 praesides,
1488 1335 1529 1366 ut
1544 1342 1666 1367 omnes
1682 1332 1841 1367 homines
1861 1333 1978 1368 sciant
2001 1337 2036 1368 et
2050 1343 2115 1378 per
2130 1342 2219 1375 eam,
2242 1341 2348 1378 quam

1272 1386 1379 1422 super
1402 1376 1453 1412 eis
1477 1376 1649 1413 habemus
1672 1378 1937 1422 providentiam.

122 1622 279 1658 dentiam
304 1624 527 1667 coqnoscant
555 1632 642 1658 neve
672 1621 769 1657 ullus
800 1621 894 1658 banc
922 1633 1065 1658 sacram
1096 1623 1209 1669 leqem
1231 1626 1394 1658 nostram
1417 1623 1618 1659 dissimulet
1646 1628 1711 1659 aut
1739 1623 1987 1669 ignorantiam
2017 1624 2095 1660 eius
2115 1624 2348 1671 praetendat,

122 1668 314 1709 sancimus,
346 1672 386 1703 ut
408 1679 452 1703 ea
474 1668 512 1702 in
535 1678 755 1713 unaquaque
778 1677 891 1703 eausa
922 1679 1015 1714 quae
1037 1668 1180 1704 initium
1211 1668 1312 1714 apud
1341 1668 1493 1704 iudicem
1517 1669 1642 1715 capiat
1663 1668 1785 1704 statim
1809 1679 1833 1704 a
1853 1669 2037 1715 principio
2066 1673 2102 1705 et
2123 1673 2208 1706 ante
2232 1671 2248 1705 u·
2271 1681 2349 1707 sam

120 1723 360 1759 personarum
383 1712 690 1757 confirmationem
718 1713 969 1759 perscribatur
1000 1717 1036 1749 et
1050 1724 1146 1760 pars
1169 1718 1333 1748 actorum
1352 1714 1432 1758 fiat.
1480 1712 1540 1749 Ita
1563 1715 1656 1750 enim
1686 1713 1778 1749 actis
1805 1714 2047 1759 praefulqens
2075 1713 2232 1761 prohibe
2254 1716 2284 1751 it
2305 1727 2349 1752 ea

121 1758 155 1793 si
178 1769 271 1803 quae
294 1763 422 1793 contra
445 1757 515 1792 vim
537 1757 615 1792 eius
639 1762 859 1804 temptantur
881 1761 953 1793 tam
976 1758 1015 1793 in
1038 1759 1121 1794 aliis
1143 1769 1252 1804 quam
1274 1759 1313 1793 in
1336 1758 1418 1805 ipsa
1439 1759 1542 1804 forte
1561 1769 1802 1805 personarum
1826 1759 2117 1804 confirmatione,
2146 1759 2264 1806 iisque
2285 1760 2350 1807 qui

123 1803 261 1839 violare
291 1814 370 1838 eam
399 1807 585 1846 conentur,
611 1813 756 1848 poenas
787 1803 952 1838 minitata
980 1807 1015 1839 et
1044 1804 1089 1839 ab
1122 1802 1298 1839 eiusmodi
1328 1803 1516 1839 conatibus
1544 1815 1618 1850 eos⁴
1637 1803 1840 1848 refrenabit
1870 1814 1985 1849 neque
2014 1803 2131 1839 locum
2158 1805 2242 1849 fieri
2271 1806 2349 1841 suis

115 1848 248 1895 poenis
267 1848 439 1894 patietur.
487 1847 581 1882 Nam
605 1852 646 1883 ut
669 1847 894 1893 iniquitatem
917 1848 1024 1883 simul
1045 1852 1081 1884 et
1103 1848 1315 1883 iniustitiam
1342 1859 1412 1895 per
1443 1849 1564 1884 omnia
1593 1859 1642 1884 ex
1669 1848 1868 1890 elleremus,
1898 1853 2096 1896 propterea
2122 1854 2348 1895 praesentem

124 1893 237 1938 leqem
262 1893 419 1934 tulimus,
449 1892 608 1938 undique
638 1901 717 1928 eam
747 1898 784 1928 et
806 1904 875 1939 per
904 1904 983 1928 eam
1014 1897 1152 1929 ceteras
1182 1893 1279 1939 leqes
1308 1903 1457 1929 securas
1487 1898 1523 1929 et
1552 1894 1623 1928 insi
1649 1895 1767 1928 iarum
1789 1898 1959 1939 expertes
1990 1894 2211 1940 reipublicae
2231 1899 2347 1931 eusto-

124 1938 270 1980 dientes,
294 1938 487 1973 secundum
512 1948 604 1983 quas
626 1948 694 1973 nos
715 1938 789 1984 ipsi
810 1938 1000 1984 imperium
1023 1938 1089 1974 deo
1109 1938 1219 1974 dante
1239 1939 1462 1985 suscepimus
1483 1942 1592 1985 atque
1614 1942 1654 1974 ut
1668 1938 1873 1984 respublica
1895 1942 2020 1975 nostra
2042 1943 2203 1975 servetur
2224 1944 2261 1976 et
2279 1951 2349 1987 per

123 1994 185 2019 eas
207 1984 393 2018 muniatur
414 1994 555 2029 semper
578 1986 755 2028 optamus.
1748 1995 1750 1997 ·

259 2028 296 2063 Ε
295 2029 350 2074 pi
356 2028 371 2063 l
378 2039 399 2063 ο
441 2039 500 2063 us·
547 2026 648 2070 Quae
671 2028 786 2073 igitur
808 2027 910 2063 nobis
927 2027 1148 2074 placuerunt
1178 2031 1214 2064 et
1229 2039 1303 2075 -per
1325 2027 1420 2064 banc
1442 2038 1584 2063 sacram
1607 2027 1720 2075 leqem
1743 2027 1977 2064 declarantur
2007 2032 2070 2063 tua
2091 2028 2292 2066 sublimitas
2313 2035 2349 2067 et

124 2073 314 2109 observare
335 2078 392 2108 stu
418 2077 478 2109 eat
501 2076 535 2108 et
559 2072 723 2107 omnibus
745 2074 942 2118 manifesta
963 2074 1094 2118 faciat,
1120 2076 1192 2108 tam
1213 2074 1250 2108 in
1266 2073 1335 2108 hac
1354 2073 1457 2118 felici
1477 2073 1621 2109 civitate
1639 2084 1718 2109 eam
1738 2083 1952 2119 proponens
1974 2084 2082 2119 quam
2104 2074 2221 2110 solitis
2241 2085 2348 2121 prae-

124 2119 237 2198 ceptibs·
260 2118 310 2153 ad
329 2118 518 2164 praesides
536 2118 812 2164 provinciarum
836 2123 955 2160 utens,
984 2122 1026 2154 ut
1050 2129 1172 2154 omnes
1200 2117 1360 2154 homines
1390 2129 1440 2153 ex
1470 2129 1514 2153 ea
1537 2129 1682 2165 quoque
1705 2122 1942 2164 coqnoseant‚
1973 2129 2082 2164 quam
2105 2119 2196 2165 ipsis
2224 2130 2348 2156 curam

123 2164 209 2198 αιίΙιὶ
232 2175 364 2199 eamus.

1343 2322 1359 2354 1
1385 2329 1511 2352 sacram
1534 2321 1680 2352 nostram
1703 2321 1829 2358 (nostra
1854 2319 1919 2361 1⁷¹)
1943 2319 2019 2361 VT]
2054 2321 2200 2352 nostram
2222 2330 2347 2354 sacram

169 2323 189 2355 2
208 2317 573 2365 άποπροσποιεῖσθαι
590 2322 621 2354 L
640 2321 652 2363 11
669 2323 687 2354 7
705 2322 819 2366 μέρος]
844 2333 927 2363 quae
950 2327 1124 2363 sequuntur
1144 2333 1202 2353 om.

1274 2365 1405 2408 Rvulq.
1421 2363 1434 2408 ΙΙ
1453 2365 1473 2397 3
1493 2364 1677 2407 accipiente
1689 2365 1797 2406 Beck]
1821 2364 1971 2407 accipie·
1993 2364 2042 2397 V¹
2065 2365 2213 2407 accipere
2224 2365 2352 2400 RV’T

123 2367 176 2400 B!
189 2366 202 2410 ΙΙ
219 2365 266 2399 ἂν
281 2367 370 2407 τῶν]
397 2362 520 2399 αὐτῶν
534 2367 583 2399 B⁰
606 2367 611 2408 Ι
643 2367 662 2400 8
683 2361 863 2399 *κωλύσει
878 2366 909 2399 L
933 2363 1076 2408 κωλύση
1089 2364 1204 2410 ΜΒἽΙ

125 2413 165 2445 13
190 2411 366 2456 γενέσθαι
392 2412 442 2444 B⁶
457 2411 469 2455 ΙΙ
491 2414 529 2446 17
556 2424 602 2456 φυ
627 2409 798 2444 άσσοντες
821 2411 873 2444 B⁰
888 2412 900 2454 ΙΙ
923 2412 961 2444 18
975 2424 1022 2453 sq.
1047 2406 1204 2455 παρελά-

123 2460 236 2500 βομεν
258 2476 302 2480 -
332 2456 583 2501 φρουρεῖσθαι]
615 2457 819 2499 suscepimus
848 2456 1012 2488 custodire
1042 2459 1203 2488 nostram-

124 2513 187 2543 que
210 2502 448 2544 rempublicam
473 2502 514 2535 ab
539 2503 591 2534 his
614 2501 740 2534 muniri
764 2514 784 2538 ς
811 2501 824 2544 ΙΙ
854 2503 898 2534 24
922 2500 1043 2534 *κατὰ
1066 2501 1204 2543 ταύτην

123 2549 243 2590 scripsi
265 2560 303 2579 ex
327 2550 357 2588 ς]
394 2546 487 2580 κατὰ
519 2543 614 2588 (κατ’
641 2547 700 2589 Μ)
731 2543 846 2588 αὐτὴν
870 2547 943 2579 ᾹῙΕ
971 2546 984 2590 ΙΙ
1015 2547 1057 2580 28
1080 2549 1202 2580 subscr.

125 2605 182 2624 om.
198 2604 216 2627 ς
233 2591 245 2635 ΙΙ
263 2592 328 2624 dat.
342 2602 378 2626 x.
399 2592 432 2624 k.
447 2592 515 2625 dec.
530 2603 581 2635 cp.
595 2593 674 2635 imp.
696 2592 750 2625 dn.
764 2593 844 2625 iust.
860 2602 915 2634 pp.
933 2602 1008 2633 aug.
1026 2602 1114 2624 anno
1125 2591 1202 2624 XV.

124 2637 245 2669 basilio
268 2648 321 2670 uc.
348 2648 452 2670 conss.
477 2638 528 2678 M,
553 2638 619 2670 dat.
635 2647 671 2671 x.
696 2638 730 2669 k.
754 2637 823 2669 dec.
844 2636 923 2680 imp.
948 2637 1004 2669 dn.
1027 2636 1204 2669 iustiniani

124 2692 178 2724 pp.
212 2692 300 2714 anno
332 2682 406 2714 XV.
439 2682 533 2714 basil.
566 2693 652 2715 cons.
683 2683 772 2715 Iul.¹0
806 2683 879 2722 (om.
903 2682 968 2715 Iul.
1000 2683 1095 2715 codd.
1121 2683 1205 2724 cett.)

126 2726 260 2771 ἐγράφη
290 2727 361 2771 πρὸ
386 2726 415 2759 ι’
439 2725 633 2761 καλάνδων
655 2729 886 2772 Δεκεμβρίων
915 2724 1098 2770 βασιλείας
1121 2723 1204 2760 Ἰου-

126 2771 312 2804 στινιανοῦ
344 2771 387 2803 τὸ
413 2771 459 2803 ιε’
484 2768 656 2806 ὑπατείας
676 2770 850 2805 Ἀπίωνος
874 2773 949 2805 Ath.
985 2770 1203 2817 ἐξεφωνήθη

125 2818 211 2859 μηνὶ
236 2813 432 2861 δεκεμβρίῳ
454 2817 537 2855 ἔτει
560 2816 600 2850 ιε’
625 2815 808 2860 βασιλείας
836 2813 989 2859 ὑπατείᾳ
1012 2815 1203 2850 Βασιλείαν

128 2862 249 2894 Theod-

1271 2411 1359 2454 vulq.
1376 2409 1389 2453 ΙΙ
1406 2411 1429 2443 4
1444 2420 1484 2442 ex
1498 2410 1655 2452 proemiis
1674 2410 1725 2444 17²
1738 2411 1772 2443 in
1783 2422 1850 2443 ras.
1866 2408 1879 2453 ΙΙ
1896 2411 1919 2450 6
1933 2409 2089 2452 prohibet
2109 2409 2165 2453 Vll
2184 2411 2202 2443 7
2223 2409 2348 2444 *aliam

1274 2457 1351 2489 libri
1366 2455 1379 2498 ll
1395 2456 1415 2489 8
1438 2454 1669 2496 firmationem]
1693 2465 1773 2497 prae
1794 2455 2016 2488 firmationem
2039 2455 2091 2488 R⁰
2108 2454 2121 2498 ΙΙ
2137 2456 2158 2489 9
2180 2465 2240 2497 per
2260 2455 2349 2489 mul·

1272 2503 1341 2533 tam
1363 2500 1426 2541 3¹]
1449 2511 1509 2543 per
1531 2500 1639 2533 multa
1661 2499 1879 2544 R²VTvulq.
1909 2499 1922 2544 ΙΙ
1949 2500 2199 2533 interminatam
2222 2500 2317 2535 Beck
2336 2501 2349 2543 ΙΙ

1271 2544 1579 2587 refrenauitRVT‚
1604 2558 1686 2579 corr.
1699 2547 1785 2589 vuly.
1813 2543 1826 2589 ΙΙ
1850 2546 1892 2579 10
1914 2547 1947 2578 et
1969 2545 2124 2588 propriis]
2147 2545 2293 2589 propriis
2316 2546 2350 2579 R

1272 2593 1305 2623 et
1325 2590 1557 2634 proprioribus
1574 2590 1635 2632 T¹‚
1656 2603 1682 2623 s.
1691 2603 1722 2623 v.
1737 2590 1787 2623 R²
1803 2588 1817 2634 ΙΙ
1841 2591 1879 2624 11
1907 2590 1989 2623 sinit
2001 2589 2087 2631 RV]
2111 2590 2199 2623 sinat
2211 2591 2245 2624 T
2262 2590 2350 2624 sinet

1272 2636 1358 2678 vulq.
1374 2635 1387 2680 ΙΙ
1405 2638 1438 2668 et
1453 2635 1617 2668 iustitiam
1633 2636 1667 2669 V
1681 2638 1714 2668 et
1728 2636 1765 2667 in
1777 2635 1979 2668 iniustitiam
1994 2635 2026 2668 T
2037 2635 2049 2676 ΙΙ
2069 2636 2110 2669 12
2122 2637 2348 2679 propterea—

1273 2682 1311 2715 21
1323 2680 1523 2724 placuerunt
1533 2694 1596 2714 scr.
1606 2680 1656 2713 3²
1667 2682 1701 2714 in
1713 2693 1779 2714 ras.
1790 2681 1810 2714 3
1819 2692 1872 2712 vv.
1887 2678 1900 2725 ΙΙ
1915 2681 1955 2714 13
1968 2679 2125 2723 ponimus
2138 2680 2172 2713 T
2200 2680 2349 2723 undique

1272 2744 1317 2751 —
1330 2725 1413 2759 alias
1433 2736 1548 2759 causas
1564 2738 1626 2759 scr.
1644 2725 1694 2759 ῘῙ2
1713 2727 1747 2759 in
1765 2737 1831 2758 rae.
1844 2727 1868 2769 ᾗ·
1882 2738 1927 2758 vs.
1945 2725 1958 2769 ΙΙ
1978 2726 2018 2759 14
2038 2727 2152 2758 cautas
2196 2725 2238 2768 (²)
2245 2726 2347 2770 vulq]

1271 2781 1385 2804 causas
1406 2771 1470 2804 VT
1479 2771 1492 2814 ΙΙ
1510 2770 1739 2804 custodiendas
1753 2770 1805 2803 Τι
1821 2769 1834 2813 ΙΙ
1853 2772 1893 2805 15
1909 2769 2041 2814 inperio
2058 2770 2110 2803 Τι
2133 2772 2166 2803 et
2180 2770 2347 2814 inperium

1271 2816 1305 2849 R
1319 2815 1332 2860 ΙΙ
1362 2818 1403 2851 16
1428 2816 1594 2849 custodie·
1623 2816 1675 2849 T⁰
1710 2814 1870 2849 custodiri
1891 2816 1978 2859 vulq.
1994 2813 2007 2859 ΙΙ
2026 2816 2236 2857 nostramque
2258 2815 2348 2849 ΒΤ*

1271 2862 1370 2905 cuiq]
1401 2863 1548 2893 nostram
1578 2861 1647 2894 VT
1653 2861 1663 2881 ¹
1690 2860 1703 2903 ΙΙ
1733 2862 1794 2904 leq.
1818 2858 1886 2904 (et)
1908 2859 2070 2893 custodiri
2096 2863 2242 2892 nostram
2262 2869 2346 2892 rem-

1270 2905 1438 2948 publicam
1460 2904 1528 2950 (et)
1550 2905 1592 2938 ab
1615 2905 1693 2938 his?
1709 2905 1722 2948 11
1742 2907 1780 2940 17
1797 2905 1929 2938 munire
1939 2904 1978 2943 ,R
1994 2904 2007 2947 ΙΙ
2024 2905 2068 2938 24
2089 2913 2252 2947 propones
2270 2903 2346 2946 qui-

1271 2951 1346 2983 dam
1367 2951 1422 2993 Vn
1441 2951 1484 2984 25
1508 2951 1604 2983 utens
1628 2963 1686 2983 om.
1699 2949 1750 2984 Β*
1766 2949 1779 2993 ΙΙ
1797 2951 1839 2983 26
1863 2951 1913 2989 ut]
1938 2951 2049 2982 autem
2063 2948 2106 2981 ad
2124 2949 2157 2982 T
2169 2949 2183 2992 Ι
2197 2948 2346 2982 homines

1271 3008 1331 3029 om.
1345 2996 1378 3028 R
1398 2994 1412 3039 ΙΙ
1437 2996 1478 3028 27
1503 2994 1556 3027 his
1578 2994 1612 3027 R
1635 2995 1649 3038 ΙΙ
1670 2995 1902 3038 subscriptione
1925 3000 2036 3027 carent
2058 2993 2137 3026 libri
