2592 3840
274 73 404 117 ›N0v.
427 74 646 119 LXXXIV
664 90 727 131 pr.
761 79 780 118 1

297 183 443 220 παίδων
474 199 514 222 τε
545 189 604 220 καὶ
635 185 828 230 διαθηκῶν
858 190 982 231 χωρίς,
1018 186 1170 222 πολλοὺς
1203 185 1373 235 ἀδελφοὺς

296 229 593 271 καταλελοιπότα,
626 231 706 265 τοὺς
737 233 804 275 μὲν
836 228 1089 277 ὁμομητρίους,
1122 231 1203 267 τοὺς
1227 231 1267 268 δὲ
1289 232 1371 278 ὁμο·

296 280 477 322 πατρίους,
494 276 573 310 τοὺς
589 274 628 309 δὲ
645 273 882 322 ὁμομητρίους
897 290 936 310 τε
953 273 1026 322 ἅμα
1046 280 1106 311 καὶ
1122 276 1371 326 ὁμοπατρίους.

296 323 355 354 καὶ
387 318 414 377 δὲ
430 323 498 366 μὲν
521 318 705 367 ἐξεύρηται
736 322 780 368 τῇ
806 320 910 376 φύσει
937 321 1192 369 καινούργημα,
1229 322 1371 359 τοιοῦτό

1365 74 1448 123 412

1986 92 2047 125 DE
2075 89 2428 127 CONSANGUOEEIS
2454 95 2515 127 ΕΤ

1442 189 1681 233 testamentis,
1713 190 1843 227 multos
1867 190 1998 227 fratres
2021 192 2292 238 relinquentem,
2321 193 2411 231 81108
2434 193 2512 240 qui-

1443 234 1522 269 dem
1545 236 1839 279 consanguineos,
1864 236 1954 272 alios
1977 241 2096 272 autem
2120 237 2291 282 uterinos,
2315 239 2404 274 81108
2427 248 2512 275 vero

1442 278 1546 313 simul
1577 281 1613 313 et
1644 281 1926 326 consanguineos
1958 284 1994 317 et
2024 282 2194 319 uterinos.
2240 283 2289 318 Et
2317 293 2407 328 quae
2434 284 2511 329 qui·

1442 324 1521 359 dem
1551 324 1740 361 adinventa
1774 329 1829 362 est
1859 329 2008 362 naturae
2039 328 2196 371 novitas,
2231 328 2312 363 talis
2341 328 2510 374 quodam-

298 377 375 400 πως
391 379 453 409 ην·
476 367 594 407 ἔξεστι
614 364 653 399 δὲ
672 367 838 410 τοιαύτης
854 367 962 419 αρχῆς
978 364 1167 412 δεδομένης
1181 365 1266 423 ἡμῖν
1279 366 1369 425 παρ’
1410 372 1429 403 5
1442 368 1547 404 modo
1571 368 1649 406 fuit.
1697 370 1837 406 Licebit
1861 374 1981 407 autem
2012 372 2075 407 tali
2097 372 2270 424 principio
2300 373 2383 409 dato
2408 373 2511 410 nobis

297 410 404 454 αὐτῆς
435 415 493 445 καὶ
524 413 628 457 ἕτερα
664 422 943 456 προςεπινοησαι
978 412 1126 456 θ’ἐματα
1161 426 1304 449 τοιουτο
1337 428 1373 449 τι

297 458 418 501 φέρειν
439 454 632 500 δυνάμενα,
652 456 723 490 εἴτε
739 455 884 504 τελευτῇ
906 458 970 491 τοῦ
987 454 1118 513 ἀνδρὸς
1138 459 1209 493 εἴτε
1227 458 1371 506 τελευτῇ

296 501 360 554 τῆς
379 500 557 547 γυναικός,
588 501 659 535 εἴτε
683 499 804 554 ἄλλοιν
829 506 995 556 νομίμων
1024 516 1154 550 γαμων
1185 502 1373 551 διαφόρῳν

297 558 405 580 τουτο
430 546 671 590 ποιησάντων.
721 560 762 580 το
790 549 1011 601 ζητουμενον
1033 553 1157 583 τοίνυν
1180 550 1293 584 ἐκεῖνο
1316 563 1371 629 3²1,

520 592 526 600 ⁸
1343 598 1375 629 εἶ
1388 598 1428 630 10

296 591 395 636 εἴπερ
420 592 467 626 εἰς
488 605 556 625 τον
579 593 643 625 τοῦ
668 590 959 634 τετελευτηκοτος
986 589 1142 640 ἀδελφοῦ
1165 593 1295 639 κλῆρον

297 635 443 675 πάντας,
468 635 598 679 καλεῖν,
637 637 718 671 τούς
754 650 794 671 τε
829 635 1064 686 ὁμομητρίους
1096 637 1177 674 τούς
1212 652 1253 674 τε
1288 637 1372 684 ὁμο-

296 685 466 727 πατρίους
495 681 579 716 τούς
601 694 642 716 τε
664 678 742 726 ἅμα
763 684 831 726 μὲν
854 679 1088 730 ὁμομητρίους
1118 680 1194 729 ἅμα
1224 682 1265 718 δὲ
1288 683 1372 729 ὁμο-

1442 414 1488 448 ab
1518 423 1561 449 ea
1590 416 1628 450 81
1654 415 1742 452 81108
1772 417 1943 461 quosdam
1975 417 2114 462 opinari
2145 427 2249 453 casus
2278 417 2350 453 tale
2378 417 2513 462 aliquid

1441 458 1603 504 proferre
1624 460 1793 504 valentes,
1818 462 1890 497 sive
1913 465 2029 497 morte
2052 462 2117 498 viri
2141 471 2204 497 seu
2218 464 2332 498 morte
2354 463 2512 498 mulieris

1442 504 1515 539 sive
1546 504 1616 539 alia
1646 505 1800 550 legitima
1830 507 2074 551 separatione,
2105 506 2238 552 nuptiis
2268 507 2415 543 diversis
2442 507 2511 544 1108

1442 549 1667 586 facientibus.
1716 550 1883 595 Quaestio
1907 552 2014 596 igitur
2043 552 2105 587 illa
2125 555 2222 594 erat,
2254 552 2286 588 si
2309 552 2356 588 ad
2379 552 2512 588 mortui

1441 593 1561 630 fratris
1592 594 1824 631 hereditatem
1848 600 2030 641 oporteret
2056 607 2176 633 omnes
2206 597 2338 640 vocari,
2366 601 2403 632 et
2427 607 2512 633 con-

1442 639 1655 683 sanguineos
1686 644 1723 675 et
1745 641 1903 678 uterinos
1935 645 1971 677 et
2001 642 2106 678 simul
2136 642 2276 688 quidem
2300 642 2512 687 consangui-

1443 693 1528 719 neos
1553 684 1656 720 simul
1679 688 1798 722 autem
1819 686 1979 723 uterinos
1998 687 2142 723 fratres.

295 731 475 773 πατρίους.

1299 830 1454 866 CAPUT
1482 830 1510 865 1.

338 904 483 951 Ἐπειδὴ
508 911 632 943 τοίνυν
656 908 982 955 περισκοπήσαντες
1004 909 1089 946 τοὺς
1103 909 1231 955 νόμους
1253 907 1370 946 ἅπαν·
1491 908 1583 952 Quia
1604 908 1714 953 igitur
1738 909 2005 946 considerantes
2034 911 2130 956 leges
2160 922 2283 949 omnes
2312 923 2400 958 quas
2424 924 2510 950 con-

295 964 358 986 τας
387 949 446 986 οὓς
476 949 701 998 ἠθροίσαμεν
732 955 813 990 τούς
843 969 883 990 τε
906 954 1080 991 παλαιοὺς
1109 955 1191 1001 τούς
1220 968 1260 990 τε
1288 953 1370 1000 ἡμε-
1385 958 1426 990 15
1438 954 1659 999 gregavimus
1683 957 1719 989 et
1741 958 1878 991 veteres
1902 959 1939 991 et
1960 958 2103 992 nostras
2134 956 2336 994 huiusmodi
2361 969 2434 995 non
2455 959 2511 994 in-

295 1000 413 1043 τέρους
448 997 623 1042 τοιαύτην
662 998 725 1043 οὐχ
759 997 910 1047 εὕρομεν
950 998 1171 1047 ἀναφυεῖσαν
1211 1000 1370 1044 ζήτησιν,
1438 999 1598 1034 venimus
1630 999 1816 1036 emersisse
1849 1001 2105 1044 quaestionem,
2140 1012 2333 1046 congruum
2356 1006 2412 1039 est
2433 1013 2512 1039 eam

296 1042 472 1088 προςῆκόν
496 1045 597 1078 ἐστιν
621 1042 736 1088 αὐτὴν
760 1042 834 1091 ὀψέ
851 1059 940 1081 ποτε
961 1045 1160 1089 χαλινῶσαι
1182 1046 1286 1090 νόμῳ
1311 1048 1371 1079 καὶ
1439 1054 1518 1079 sero
1544 1044 1689 1079 tandem
1711 1044 1893 1081 refrenare
1918 1046 1994 1090 lege
2017 1050 2055 1081 et
2074 1047 2311 1090 considerare,
2335 1049 2420 1092 quia
2436 1048 2511 1084 fra-

295 1089 492 1131 σκοπῆσαι,
518 1085 577 1123 ὅτι
601 1091 679 1124 τῶν
702 1087 873 1137 ἀδελφῶν
897 1093 974 1126 ἐστι
997 1091 1087 1138 πρὸς
1117 1091 1185 1126 τὸν
1209 1089 1370 1133 τελευτή-
1439 1089 1554 1125 tribus
1587 1093 1671 1124 sunt
1699 1089 1746 1125 ad
1774 1090 1983 1126 defunctum
2012 1090 2091 1127 aliis
2123 1091 2264 1136 quidem
2294 1093 2512 1137 cognationis

295 1145 413 1167 σαντα
436 1137 508 1168 τοῖς
530 1136 597 1178 μὲν
620 1134 667 1168 τὰ
691 1136 885 1182 κογνατικὰ
909 1135 1047 1179 δίκαια,
1071 1132 1164 1171 ἅπεο
1183 1134 1281 1181 ἡμεῖς
1298 1139 1371 1170 τοῖς
1438 1134 1518 1169 iura
1542 1144 1633 1179 quae
1654 1145 1719 1170 nos
1739 1134 1902 1179 legitimis
1926 1136 2181 1180 copulavimus,
2206 1138 2285 1173 aliis
2304 1142 2424 1173 autem
2442 1138 2512 1174 hoc

295 1177 484 1225 λεγιτίμοις
507 1178 730 1226 συνήψαμεν,
765 1184 838 1216 τοῖς
867 1179 907 1215 δὲ
935 1178 1098 1216 αὐτόθεν
1133 1170 1178 1216 τὰ
1208 1180 1371 1228 λεγίτιμα
1383 1182 1426 1215 20
1439 1180 1517 1225 ipso
1547 1180 1702 1224 legitima
1734 1180 2060 1223 (communicabant
2089 1182 2183 1218 enim
2213 1183 2324 1228 aliqui
2352 1182 2386 1219 Θί
2416 1182 2513 1218 circa

295 1224 525 1266 (ἐκοινώνουν
539 1225 607 1272 γὰρ
624 1222 723 1268 αὐτῷ
742 1229 825 1273 περὶ
839 1226 908 1270 τὴν
921 1225 1100 1273 πατρῴαν
1139 1225 1237 1270 ονήν,
1254 1224 1370 1271 ὥςπερ
1439 1229 1625 1270 paternam
1683 1225 1814 1269 rolem‚
1847 1226 1941 1261 sicut
1971 1227 2030 1262 alii
2062 1226 2159 1262 circa
2189 1230 2416 1271 maternam),
2451 1228 2513 1264 alii

296 1271 422 1303 ἐκεῖνοι
446 1272 528 1317 περὶ
551 1273 620 1314 τὴν
643 1270 846 1316 μητρῴαν)·
885 1271 922 1306 οἱ
945 1269 986 1306 δὲ
1009 1270 1098 1307 αὐτό
1133 1286 1173 1306 εν
1197 1272 1371 1317 καθαρῶς
1439 1274 1557 1305 autem
1580 1236 1682 1305 ium?
1690 1281 1780 1315 pure
1801 1271 1990 1314 habebant,
2015 1275 2051 1306 et
2067 1271 2144 1316 lege
2167 1275 2205 1308 et
2220 1276 2348 1308 natura
2369 1273 2512 1308 iuvante

294 1315 390 1356 εἶχον
421 1317 481 1348 καὶ
511 1316 580 1349 τὸν
602 1315 718 1361 νόμον
750 1319 810 1350 καὶ
841 1317 908 1361 τὴν
937 1315 1047 1362 φύσιν
1069 1318 1285 1362 βοηθοῦσαν
1309 1314 1371 1349 αὑ-
1440 1326 1488 1357 88,
1525 1326 1567 1351 80
1599 1316 1694 1360 quod
1725 1325 1770 1350 ex
1801 1316 1931 1351 eisdem
1963 1319 2066 1352 erant
2095 1317 2329 1362 procedentes
2360 1322 2512 1354 matrum

294 1362 377 1401 τοῖς,
401 1357 498 1394 ὃιότι
520 1363 580 1394 καὶ
604 1362 643 1395 ἐκ
666 1362 744 1396 τῶν
769 1358 890 1397 αὐτῶν
914 1356 1008 1406 ἦσαν
1039 1361 1284 1409 προελθόντες
1306 1376 1371 1406 μη-
1440 1361 1575 1396 sinibus
1607 1364 1754 1405 eratque
1785 1361 1835 1396 eis
1864 1361 1977 1407 patris
2009 1372 2128 1398 semen
2156 1374 2267 1398 unum
2297 1368 2334 1398 et
2356 1363 2514 1408 undique

294 1405 426 1451 τριρων
446 1404 592 1440 κόλπων
615 1409 675 1440 καὶ
695 1401 741 1450 ἦν
762 1404 881 1442 αὐτοῖς
903 1405 926 1452 ἡ
948 1410 986 1442 ἐκ
1006 1409 1070 1442 τοῦ
1095 1407 1230 1454 πατρὸς
1253 1407 1370 1451 σπορὰ
1385 1409 1426 1441 25
1441 1406 1547 1441 veluti
1564 1406 1742 1451 quoddam
1762 1406 1900 1450 signum
1918 1407 1970 1442 eis
1986 1408 2228 1452 germanitatis
2249 1408 2510 1454 resplendebat.

293 1454 359 1494 μία
391 1454 451 1484 καὶ
470 1450 513 1484 τὸ
539 1451 779 1494 πανταχόθεν
801 1451 950 1510 γνήσιον
983 1450 1100 1498 ὥςπερ
1128 1466 1165 1487 τι
1188 1451 1233 1487 σύ
1243 1451 1370 1532 ὀβολον
1440 1451 1477 1487 Si
1507 1451 1614 1495 igitur
1644 1451 1849 1487 huiusmodi
1878 1451 1992 1488 frater
2013 1452 2133 1488 litibus
2163 1453 2316 1489 liberare
2342 1457 2378 1489 et
2399 1453 2512 1498 legem

295 1492 414 1530 αὐτοῖς
449 1497 654 1542 ἐνέπρεπεν.
702 1498 732 1531 εἰ
765 1511 833 1542 μεν
868 1492 932 1533 οὖν
967 1495 987 1532 ὁ
1026 1499 1186 1533 τοιοῦτος
1219 1512 1241 1532 α
1265 1496 1371 1543 ελφὸς
1440 1498 1476 1531 81
1499 1497 1700 1532 dubitantes
1731 1496 1918 1542 voluisset,
1950 1497 1996 1532 ad
2019 1501 2272 1534 testamentum
2300 1503 2446 1534 venerat
2477 1503 2513 1534 et

295 1540 521 1588 πραγμάτων
545 1539 748 1583 ἀπαλλάξαι
771 1546 831 1577 καὶ
846 1542 912 1578 τὸν
927 1541 1041 1588 νόμον
1062 1547 1122 1578 καὶ
1143 1543 1225 1578 τοὺς
1240 1540 1369 1590 οἷμφισ-
1439 1551 1541 1577 suam
1565 1542 1778 1577 senteutiam
1799 1542 1936 1578 fecerat
1958 1543 2194 1585 manifestam,
2217 1547 2254 1579 et
2272 1553 2338 1590 per
2357 1544 2513 1590 scriptu-

293 1588 494 1630 βητοῦντας
517 1584 722 1631 ἠβουλήθη,
757 1588 846 1633 πρὸς
870 1586 1053 1632 διαθήκην
1085 1583 1202 1633 ἦλθεν
1233 1586 1280 1623 ἂν
1310 1591 1370 1622 καὶ
1438 1596 1515 1622 ram
1538 1587 1703 1622 honorati
1726 1587 1773 1622 ad
1792 1587 2026 1623 hereditatem
2049 1592 2272 1625 vocarentur.
2317 1589 2408 1633 Quia
2427 1599 2511 1625 vero

294 1630 360 1674 τὴν
376 1631 503 1665 ἑαυτοῦ
522 1632 673 1678 γνώμην
689 1635 833 1676 ἐποίησε
853 1632 1024 1680 φανεράν,
1048 1638 1108 1668 καὶ
1130 1633 1167 1667 οἱ
1183 1635 1228 1681 τῇ
1250 1634 1369 1680 γραφῆ
1382 1635 1424 1667 30
1438 1633 1508 1668 hoc
1527 1642 1631 1677 agere
1655 1633 1772 1668 noluit
1794 1636 1858 1668 aut
1879 1643 1952 1668 non
1970 1633 2091 1678 potuit
2113 1634 2238 1677 (multa
2260 1643 2414 1680 namque
2428 1637 2514 1670 sunt

1438 1678 1618 1713 hominum
1635 1680 1670 1713 et
1686 1677 1882 1714 anxietates
1899 1679 2108 1715 innumerae
2130 1681 2168 1715 et
2187 1680 2396 1724 repentinae
2418 1689 2511 1718 mor.-

294 1680 522 1722 τετιμημένοι
553 1680 640 1723 πρὸς
670 1678 737 1712 τὸν
768 1677 900 1757 κλῆὸον
926 1678 1127 1714 ἐκαλοῦντο.
1176 1676 1299 1722 ἐπειδὴ
1330 1669 1370 1712 δὲ

340 1723 354 1729 ”
627 1720 635 1732 ’
814 1723 822 1733 ’
1438 1726 1517 1767 188),
1540 1723 1630 1758 11888
1654 1725 1779 1759 nostra
1802 1724 1859 1759 lex
1883 1733 2027 1760 causam
2051 1723 2269 1760 determinet.

294 1735 401 1756 τουτο
432 1722 567 1768 πρᾶξαι
597 1736 660 1757 ουκ
687 1721 825 1768 ,ἧβουλη
858 1738 879 1767 η
911 1720 1018 1767 ἢούκ
1041 1722 1207 1768 ἠδυνήθη
1241 1722 1369 1767 (πολλὰ

295 1764 335 1800 δὲ
357 1767 403 1801 τὰ
427 1766 644 1813 ἀνθρώπων
673 1771 733 1802 καὶ
756 1767 980 1816 περιστάσεις
1007 1774 1131 1817 μυρίαι
1164 1773 1224 1803 καὶ
1253 1770 1290 1802 αἱ
1320 1772 1369 1803 νί-

294 1811 366 1847 διοι
390 1811 574 1856 θάνατοι),
598 1810 662 1847 ὅδε
685 1811 834 1858 ἦμῶνρ
858 1812 968 1859 νόμος
990 1816 1044 1858 τῷ
1070 1815 1254 1861 πράγματι
1278 1782 1368 1848 ἆξαι-

293 1859 314 1893 1
359 1856 468 1900 τήσει.
511 1857 687 1893 Βούλεται
711 1857 750 1893 δὲ
772 1859 873 1894 οὗτος
901 1857 919 1893 ὁ
938 1859 1057 1915 νόμος,
1081 1859 1169 1895 ὥςτε
1189 1859 1270 1894 τοὺς
1289 1860 1370 1894 ἑκα-
1383 1860 1460 1895 351
1509 1858 1596 1894 Vult
1630 1861 1750 1894 autem
1784 1859 1874 1894 haec
1909 1859 1967 1894 lex
1997 1869 2041 1895 ex
2071 1864 2152 1896 utro
2177 1870 2223 1896 ue
2254 1860 2442 1896 decoratos
2477 1862 2514 1896 et

293 1904 460 1948 τέρωθεν
480 1907 759 1960 κεκοσμημένους
782 1908 842 1938 καὶ
859 1901 933 1950 ἅμα
947 1907 1016 1949 μὲν
1031 1909 1272 1951 ομοπατρίους
1296 1902 1371 1949 ἅμα
1440 1903 1545 1939 Simul
1576 1904 1718 1949 quidem
1751 1903 2034 1949 consanguineos
2066 1905 2156 1940 Simu
2203 1908 2322 1940 autem
2352 1905 2512 1941 uterinos

294 1945 334 1981 δὲ
357 1945 592 1994 ὁμομητρίους
616 1947 701 1983 αδελ
730 1949 788 1984 οὺς
812 1951 859 1984 εἰς
883 1950 949 2005 τῂν
973 1948 1143 1993 διαδοχὴν
1166 1951 1230 1984 τοῦ
1253 1948 1369 1984 τελευ-
1437 1948 1567 1984 fratres
1611 1949 1658 1985 ad
1699 1949 1963 1985 successionem
2006 1950 2187 1986 morientis
2230 1949 2392 1986 meliores
2434 1959 2514 1986 esse

293 1992 469 2036 τήσαντοε
499 1992 660 2028 καλλίους
683 1963 776 2029 εἶναι
798 1996 876 2029 τῶν
899 2009 921 2038 η
945 1994 1061 2040 μόνον
1090 1993 1325 2041 ὁμοπατρίων
1349 1992 1372 2049 ἢ
1441 2003 1547 2038 quam
1577 1994 1630 2029 illi
1660 1994 1721 2038 qui
1750 1994 1970 2030 solummodo
2003 1995 2256 2040 consanguinei
2288 1997 2352 2030 aut
2381 1995 2512 2031 solum-

291 2038 407 2082 μόνον
441 2036 680 2086 ὁμομητρίων.
728 2043 787 2074 καὶ
822 2037 862 2074 οὗ
900 2039 1118 2084 καταπλήξει
1151 2054 1192 2087 ye
1222 2038 1315 2084 ἡμᾶς
1349 2053 1371 2082 η
1440 2039 1544 2074 modo
1581 2038 1711 2074 uterini
1746 2041 1840 2075 sunt.
1899 2040 1950 2075 Et
1983 2050 2056 2075 non
2094 2050 2161 2076 nos
2194 2040 2303 2076 faciet
2336 2039 2514 2076 haesitare

293 2081 396 2130 φύσις
420 2083 663 2127 ποικίλλουσα,
687 2083 768 2119 ἀλλ’
788 2083 886 2130 ἡμεῖς
910 2082 1017 2130 αὐτῆς
1039 2086 1102 2120 τὰς
1120 2084 1290 2120 τοιαύτας
1309 2086 1369 2131 ἐφ·
1383 2087 1426 2119 40
1440 2087 1592 2119 naturae
1622 2084 1792 2128 varietas,
1825 2084 1888 2121 sed
1919 2095 1985 2121 1108
2016 2085 2219 2121 huiusmodi
2247 2085 2514 2122 adinventiones

293 2230 386 2254 unus
416 2230 465 2254 ex
495 2218 678 2264 fratribus
701 2218 888 2254 decederet
916 2219 995 2254 sine
1019 2219 1140 2255 liberis
1172 2222 1208 2255 et
1234 2218 1313 2254 sine
1342 2220 1567 2260 testamento,
1598 2216 1734 2252 relictis
1766 2217 1888 2253 multis
1915 2218 2110 2263 fratribus,
2142 2218 2227 2254 aliis
2249 2218 2400 2254 uta-inis
2430 2218 2515 2256 alius

292 2275 428 2300 consen
456 2264 571 2300 uineis
602 2263 686 2299 aliis
716 2263 825 2299 simut
855 2267 890 2300 et
913 2264 1063 2299 uterinis
1094 2267 1130 2300 et
1153 2262 1441 2309 consanquineis.
1490 2264 1609 2308 Atque
1659 2262 1730 2297 uod
1752 2262 1895 2308 quidem
1918 2273 2048 2298 novum
2079 2269 2214 2299 natura
2236 2264 2390 2306 invenit,
2421 2265 2513 2300 εἰω-

268 2309 389 2353 ιηιοιίί
434 2320 493 2344 ere
517 2313 617 2345 erat:
652 2308 735 2344 licet
758 2313 876 2344 autem
908 2309 973 2344 tati
990 2309 1177 2356 principio
1207 2308 1311 2344 nobis
1341 2308 1386 2344 ab
1415 2319 1459 2343 ea
1491 2307 1578 2343 dato
1608 2308 1701 2342 aios
1732 2318 1875 2354 quoque
1907 2318 2014 2343 casus
2035 2308 2185 2355 insuper
2207 2309 2420 2354 excoqitare
2450 2309 2515 2356 qui

293 2355 382 2401 quid
400 2355 575 2390 eiusmodi
598 2354 735 2399 afferre
751 2354 909 2401 possint,
941 2355 1014 2389 sive
1063 2365 1104 2390 er
1128 2358 1278 2389 mortem
1301 2353 1371 2400 viri
1394 2353 1468 2389 sive
1484 2363 1558 2399 per
1580 2356 1730 2387 mortem
1753 2353 1925 2395 mulieris,
1950 2353 2024 2389 sive
2046 2353 2142 2389 aliae
2164 2353 2344 2400 leqitimae
2366 2356 2514 2402 nuptiae

292 2401 454 2435 diversae
478 2399 517 2434 id
538 2399 732 2446 effecerint.
781 2398 912 2445 Itaque
935 2410 1008 2445 quo
1057 2399 1298 2446 quaerebatur
1321 2397 1416 2433 illud
1440 2401 1539 2439 erat,
1574 2408 1659 2433 num
1688 2396 1738 2432 ad
1768 2397 1934 2443 defuncti
1962 2398 2098 2444 fratris
2127 2397 2361 2435 hereditatem
2392 2409 2514 2436 omnes

294 2449 481 2492 oporteret
502 2455 642 2487 vocare,
667 2448 701 2480 et
725 2445 886 2480 uterinos
908 2450 943 2480 et
965 2445 1255 2496 consanguineos
1278 2447 1314 2479 et
1332 2454 1394 2479 eos
1416 2443 1480 2489 qui
1501 2442 1610 2478 simul
1630 2446 1667 2478 et
1688 2442 1823 2478 uterini
1846 2447 1880 2478 et
1904 2443 2164 2490 consanquinei
2182 2448 2309 2480 essent.

429 2490 457 2525 1.
504 2489 682 2533 Quoniam
717 2490 831 2536 iqitur
866 2490 1133 2537 circumspectis
1169 2489 1307 2535 leqibus
1342 2488 1505 2523 omnibus
1539 2498 1631 2534 quas
1670 2487 1880 2534 colleqimus
1916 2493 1987 2523 tam
2023 2488 2199 2525 veteribus
2235 2500 2343 2536 quam
2379 2490 2515 2526 nostris

294 2535 469 2571 eiusmodi
491 2535 735 2581 quaestionem
758 2545 831 2570 non
854 2535 1053 2582 reperimus
1077 2537 1193 2570 ortam
1216 2545 1304 2575 esse,
1328 2533 1428 2569 decet
1450 2544 1528 2568 eam
1556 2543 1639 2568 sero
1665 2532 1807 2568 tandem
1831 2533 1908 2579 leqe
1930 2543 2112 2577 coercere,
2145 2544 2224 2569 cum
2248 2534 2515 2571 consideremus

292 2581 476 2626 fratribus
506 2591 586 2615 cum
610 2580 785 2626 defuncto
818 2580 902 2615 aliis
931 2590 1008 2616 esse
1032 2580 1260 2626 coqnationis
1283 2580 1382 2621 iura,
1413 2589 1508 2624 quae
1530 2588 1599 2613 nos
1628 2577 1661 2612 le
1687 2578 1795 2613 itimaes
1826 2579 2097 2622 coniunoeimus,
2130 2578 2214 2614 aliis
2243 2579 2327 2626 ipsa
2355 2580 2515 2627 legitima

295 2629 528 2668 (communem
550 2626 643 2660 enim
675 2636 753 2660 cum
785 2637 827 2661 eo
857 2629 1048 2672 paternam
1081 2625 1257 2671 oriqi‘nem
1281 2623 1475 2665 habebant,
1506 2622 1614 2659 sicuti
1637 2623 1651 2657 i
1664 2622 1690 2658 li
1712 2626 1943 2666 maternam),
1978 2623 2043 2658 alii
2066 2634 2150 2660 vero
2166 2635 2265 2671 pure
2295 2628 2331 2660 et
2360 2624 2451 2671 teqis
2479 2627 2515 2660 et

296 2677 450 2706 naturae
481 2671 660 2706 auaeilium
692 2670 888 2714 habebant,
920 2671 1092 2717 quoniam
1123 2675 1159 2706 et
1188 2680 1237 2705 ex
1267 2669 1390 2704 eodem
1413 2668 1541 2703 matris
1568 2667 1705 2719 qremio
1726 2667 1943 2713 prodierant
1972 2672 2008 2702 et
2030 2679 2080 2704 ex
2099 2674 2208 2715 patre
2236 2669 2281 2704 iis
2304 2669 2514 2715 procreatio

296 2727 370 2750 una
402 2715 596 2761 eademque
626 2720 707 2750 erat
737 2720 846 2761 atque
876 2726 1052 2761 qermana
1083 2715 1241 2767 undique
1271 2714 1376 2766 oriqo
1407 2712 1517 2749 veluti
1547 2723 1689 2758 szqnum
1722 2712 1873 2765 aliquod
1904 2723 1966 2748 eos
1996 2712 2200 2749 decorabat.
2255 2711 2337 2749 Iam
2365 2714 2399 2750 si
2429 2714 2514 2766 talis

295 2761 418 2806 frater
442 2764 478 2795 et
500 2761 557 2794 ius
580 2764 615 2795 et
638 2760 857 2806 ambiqentes
882 2761 1036 2796 liberare
1059 2760 1215 2807 neqotzis
1237 2759 1424 2800 voluisset,
1448 2756 1498 2792 ad
1521 2760 1768 2793 testamentum
1790 2761 1944 2793 venisset
1966 2767 2139 2803 suamque
2161 2757 2377 2794 voluntatem
2400 2769 2513 2794 mam-

295 2806 428 2852 festam
452 2805 682 2847 reddidisset,
715 2811 823 2851 atque
847 2806 912 2851 qui
937 2811 1006 2852 per
1027 2806 1248 2858 scripturam
1273 2802 1442 2839 honorati
1472 2805 1591 2854 essent
1620 2802 1670 2836 ad
1691 2800 1926 2854 nereditatem
1949 2806 2175 2838 vocarentur.
2228 2801 2513 2855 Quoniamuvero

296 2850 336 2886 id
364 2851 489 2896 facere
505 2849 637 2885 >noluit
665 2851 721 2885 vet
748 2861 820 2885 non
845 2851 972 2897 potuit
1003 2853 1140 2894 (variae
1167 2850 1260 2886 enim
1283 2853 1370 2884 sunt
1397 2858 1456 2883 res
1479 2846 1661 2882 hommum
1689 2850 1726 2882 ct
1751 2851 1901 2882 sescenti
1930 2857 2036 2898 casus
2062 2851 2097 2882 et
2121 2854 2254 2883 mortes
2279 2852 2513 2894 repentmae)‚

296 2898 318 2932 1
374 2895 460 2930 baec
490 2898 618 2930 nostra
649 2894 712 2930 lex
741 2906 815 2930 rem
847 2896 1000 2931 dirimet.
1110 2895 1196 2931 Vult
1218 2901 1338 2930 autem
1368 2892 1457 2929 haec
1481 2892 1543 2927 tex
1566 2891 1609 2926 ab
1634 2896 1790 2937 utraque
1813 2894 1927 2938 parte
1946 2891 2136 2927 distinctos
2165 2895 2202 2928 et
2224 2893 2515 2939 consanquineos

296 2940 406 2976 simut
427 2945 536 2986 atque
559 2940 722 2975 uterinos
752 2940 892 2984 fratres
921 2941 958 2975 in
982 2941 1208 2977 successione
1238 2939 1405 2992 defuncti
1421 2942 1615 2984 praestare
1645 2936 1691 2971 iis
1715 2936 1778 2982 qui
1804 2940 1870 2972 aut
1892 2937 2151 2989 consanquinei
2171 2937 2376 2990 solum-aut
2397 2937 2514 2974 solum

298 2986 434 3022 uterini
454 2987 549 3020 sunt.
597 2984 722 3030 Neque
740 2985 971 3030 perturbabit
1002 2997 1071 3021 nos
1094 2991 1247 3022 naturae
1270 2989 1342 3020 ista
1366 2983 1535 3025 varietas,
1567 2981 1631 3017 sed
1661 2991 1729 3017 nos
1757 2980 1847 3016 tales
1875 2991 1951 3016 etus
1981 2986 2203 3018 inventiones
2233 2981 2413 3029 legitimas
2434 2983 2515 3020 red-

345 3124 364 3156 5
390 3119 522 3161 ἔξεστι]
547 3119 661 3152 licebit
685 3131 704 3155 ς
720 3120 732 3162 11
761 3121 779 3153 8
804 3117 925 3152 ἄλλων
943 3122 1119 3162 νομίμων]
1145 3120 1210 3153 8118
1225 3119 1374 3163 legitima

299 3166 505 3211 separatione
520 3166 555 3205 (i.
569 3177 594 3198 e.
611 3162 709 3206 ἄλλῳ
726 3167 867 3207 νομίμῳ
884 3165 1053 3208 χωρισμῷ
1062 3165 1091 3207 ?)
1113 3177 1132 3202 ς
1149 3166 1160 3208 11
1181 3167 1276 3209 1239.
1294 3161 1375 3197 τούς

299 3225 339 3246 τε
359 3207 435 3255 ἅμα
448 3230 490 3235 —-
506 3206 758 3254 ὁμοπατρίους]
783 3214 815 3241 et
836 3209 935 3241 simul
960 3211 1092 3251 quidem
1112 3210 1374 3252 consanguineos

300 3258 399 3291 simul
425 3258 533 3289 autem
558 3254 708 3288 uterinos
731 3255 849 3287 fratres
870 3265 889 3289 ς
911 3254 923 3297 11
949 3255 986 3287 21
1016 3252 1125 3296 αὐτῷ]
1151 3255 1257 3297 aliqui
1282 3255 1312 3287 ei
1336 3266 1373 3293 ςς

302 3299 404 3336 αὐτοὶ
425 3302 515 3335 malie
531 3301 718 3334 Zachariae
739 3312 801 3333 non
821 3306 902 3332 recte
919 3299 931 3342 11
950 3300 991 3332 22
1017 3295 1192 3341 αὐτόθεν]
1217 3300 1301 3333 illud
1322 3311 1341 3336 ς
1364 3298 1375 3344 11

301 3346 503 3391 *καθαρῶς
523 3348 642 3390 scripsi
653 3358 691 3379 ex
704 3347 735 3386 ς]
760 3340 930 3388 καθαρὸν
946 3344 986 3375 M
1007 3344 1019 3386 11
1051 3346 1091 3377 24
1109 3341 1204 3378 διότι
1221 3347 1292 3386 καὶ]
1316 3346 1374 3377 καὶ

302 3407 359 3427 om.
375 3405 395 3430 ς
410 3394 422 3437 11
441 3389 701 3437 προςελθόντες
719 3391 764 3423 Μ
782 3391 795 3434 11
824 3389 864 3423 33
889 3386 933 3421 τὰ
958 3383 1182 3434 ἀνθρώπινα
1207 3392 1296 3423 malit
1307 3390 1374 3423 Za-

302 3441 435 3472 chariae
458 3439 527 3471 sine
548 3449 648 3471 causa
679 3435 692 3480 11
719 3437 761 3469 40
786 3429 893 3475 αὖτῆς
917 3446 974 3466 om.
990 3445 1008 3469 ς

1442 3116 1659 3150 hereditatem
1675 3115 1919 3193 171110110118181
1929 3116 2056 3149 RTvuI
2078 3117 2099 3157 .]
2113 3118 2242 3158 oportet
2258 3115 2309 3162 1⁷11
2324 3119 2363 3152 15
2374 3119 2512 3159 nostras]

1443 3172 1546 3195 1101188
1566 3161 1618 3194 V³
1636 3162 1649 3203 11
1675 3163 1712 3194 17
1750 3170 1840 3203 egem
1862 3161 1912 3193 V⁶
1930 3160 1943 3204 11
1965 3162 2006 3195 20
2031 3171 2050 3193 8
2066 3161 2159 3203 iquid
2183 3161 2233 3194 Β2
2245 3163 2330 3206 vulq.
2347 3164 2359 3206 11
2386 3163 2425 3197 21
2445 3173 2513 3196 1118-

1442 3209 1537 3239 terna
1558 3206 1591 3240 V
1605 3208 1782 3239 maternam
1799 3204 1926 3248 prolem
1944 3205 1978 3239 T
1991 3205 2003 3250 11
2020 3207 2061 3239 22
2079 3208 2138 3250 ley.
2156 3206 2234 3239 ilico
2250 3218 2332 3250 pure
2350 3206 2515 3240 habebant

1442 3254 1475 3285 et
1494 3251 1598 3293 legem
1617 3254 1649 3284 et
1663 3254 1818 3283 naturam
1834 3251 2000 3283 iuvantem
2017 3250 2076 3284 se?
2092 3250 2104 3294 11
2130 3252 2285 3285 1111180188
2306 3252 2354 3286 1⁷⁸
2368 3251 2381 3296 11
2407 3253 2450 3287 23
2466 3254 2512 3293 88]

1441 3299 1490 3330 881
1509 3296 1558 3330 ΤΙ
1576 3295 1588 3340 11
1605 3295 1724 3329 eisdem
1739 3296 1786 3337 Τ]
1811 3295 1935 3327 hisdem
1952 3295 2028 3328 RV
2042 3294 2054 3340 11
2082 3297 2124 3330 24
2148 3296 2270 3330 finibus
2292 3297 2437 3339 (finimus
2449 3296 2514 3340 12⁶)

1445 3342 1475 3375 R
1486 3340 1536 3386 711
1548 3341 1619 3374 81118
1631 3341 1663 3374 R
1675 3339 1686 3385 11
1698 3339 1848 3384 patribus
1867 3338 1931 3384 V⁰H
1945 3340 1986 3373 25
1999 3341 2227 3383 germanitatis
2239 3342 2286 3375 eis
2300 3342 2332 3376 R
2344 3341 2356 3386 11
2368 3341 2515 3386 resplen-

1442 3386 1518 3420 deat
1538 3386 1572 3420 V
1588 3385 1801 3428 respondebat
1820 3385 1853 3418 R.
1871 3385 1884 3429 11
1908 3386 1949 3419 26
1966 3385 2078 3426 frater]
2103 3399 2139 3416 *-
2159 3387 2208 3420 Τι
2228 3386 2240 3430 11
2257 3388 2297 3421 27
2312 3388 2451 3420 1181118111
2465 3387 2514 3420 T·

1443 3431 1587 3465 uenisset
1606 3431 1656 3465 Τ2
1682 3431 1694 3475 11
1717 3431 1757 3466 28
1779 3430 1906 3463 fecisset
1924 3429 1976 3463 T2
1990 3431 2002 3471 11
2028 3441 2106 3473 prae
2122 3432 2287 3474 scriptura
2308 3432 2366 3476 Vss
2394 3433 2436 3466 29
2453 3442 2513 3466 110-

1442 3479 1560 3510 cantur
1582 3476 1635 3511 T·
1666 3477 1842 3510 uocaretur
1862 3474 1912 3508 V²
1935 3476 1947 3517 11
1976 3476 2019 3509 30
2041 3476 2143 3510 11111118
2162 3477 2196 3510 R
2219 3476 2356 3518 (multae
2379 3477 2479 3521 vulg.)
2501 3477 2514 3521 11

1443 3524 1483 3556 31
1511 3521 1638 3555 1101111111
1661 3521 1761 3564 ΒΤΙΙ
1789 3521 1832 3554 32
1856 3519 2052 3553 determinat
2073 3521 2105 3555 R
2130 3522 2142 3564 11
2170 3523 2212 3556 36
2237 3521 2511 3565 consanguineos]

1443 3567 1560 3599 fratres
1586 3568 1662 3600 add.
1679 3566 1733 3610 Τ11
1758 3567 1802 3600 38
1823 3564 1898 3598 illos
1922 3566 2005 3610 vuly.
2024 3566 2036 3609 11
2059 3569 2118 3599 8111
2140 3566 2344 3600 solummodo
2368 3580 2426 3600 om.
2450 3566 2484 3599 V

1443 3612 1486 3646 39
1509 3611 1577 3644 sint
1605 3612 1636 3644 T
1657 3611 1670 3655 11
1699 3613 1769 3652 1108]
1794 3620 1847 3643 808
1873 3610 1922 3644 T¹
1949 3611 1961 3651 11
1994 3610 2092 3644 saciet
2114 3611 2158 3652 V]
2190 3611 2290 3644 faeiat
2315 3611 2475 3656 RTvuzq.

1443 3658 1485 3690 40
1510 3657 1577 3697 sed]
1601 3657 1628 3688 si
1650 3655 1706 3700 1711
1730 3654 1890 3689 811111111οᾱ1
1912 3655 1962 3689 V¹

350 3577 366 3609 1
390 3574 584 3606 testamento
609 3571 740 3614 Rvuly.
757 3569 769 3613 11
795 3569 928 3602 fratrem
952 3567 999 3601 17¹
1017 3566 1029 3610 ΙΙ
1048 3566 1272 3608 relinquentes
1293 3567 1343 3599 Va
1365 3566 1377 3611 11

304 3621 323 3652 3
343 3621 445 3652 81111118
467 3618 517 3651 V¹
534 3619 546 3661 11
565 3619 586 3651 4
605 3615 747 3668 quodem
766 3614 863 3666 modo
888 3613 936 3646 V¹
953 3611 966 3657 11
984 3614 1001 3646 7
1024 3611 1173 3644 mulieris
1187 3614 1293 3663 Jnorte
1310 3611 1377 3688 1111

305 3665 324 3698 8
341 3664 416 3705 hoo]
443 3678 458 3694 ο
486 3663 534 3695 R¹
555 3662 603 3707 119
629 3661 687 3694 1118
711 3662 780 3693 erat
802 3662 906 3701 igitur
929 3657 975 3691 V¹
992 3655 1004 3702 11
1027 3658 1066 3691 10
1084 3656 1310 3697 hereditatem]
1336 3666 1354 3688 a
