<?xml version="1.0" encoding="UTF-8"?>
<!DOCTYPE html PUBLIC "-//W3C//DTD XHTML 1.0 Transitional//EN"
    "http://www.w3.org/TR/xhtml1/DTD/xhtml1-transitional.dtd">
<html xmlns="http://www.w3.org/1999/xhtml" xml:lang="en" lang="en">
 <head>
  <title>
</title>
<meta http-equiv="Content-Type" content="text/html;charset=utf-8" />
  <meta name='ocr-system' content='tesseract 3.04.00' />
  <meta name='ocr-capabilities' content='ocr_page ocr_carea ocr_par ocr_line ocrx_word'/>
</head>
<body>
  <div class='ocr_page' id='page_1' title='image "./corpusjuriscivil00krueuoft/corpusjuriscivil00krueuoft_0378.png"; bbox 0 0 2592 3840; ppageno 0'>
   <div class='ocr_carea' id='block_1_1' title="bbox 223 87 614 132">
    <p class='ocr_par' dir='ltr' id='par_1_1' title="bbox 223 87 614 132">
     <span class='ocr_line' id='line_1_1' title="bbox 223 87 614 132; baseline 0.005 -3"><span class='ocrx_word' id='word_1_1' title='bbox 223 87 327 130; x_wconf 63' lang='lat' dir='ltr'><strong>Now</strong></span> <span class='ocrx_word' id='word_1_2' title='bbox 361 88 497 131; x_wconf 89' lang='lat' dir='ltr'>LXIX</span> <span class='ocrx_word' id='word_1_3' title='bbox 526 89 565 132; x_wconf 88' lang='grc'><strong>2.</strong></span> <span class='ocrx_word' id='word_1_4' title='bbox 591 91 614 131; x_wconf 85' lang='grc'><strong>3</strong></span> 
     </span>
    </p>
   </div>
   <div class='ocr_carea' id='block_1_2' title="bbox 1130 145 1245 152">
    <p class='ocr_par' dir='ltr' id='par_1_2' title="bbox 1130 145 1245 152">
     <span class='ocr_line' id='line_1_2' title="bbox 1130 145 1245 152; baseline -0.009 0"><span class='ocrx_word' id='word_1_5' title='bbox 1130 145 1215 152; x_wconf 64' lang='lat'><strong>...-—,</strong></span> <span class='ocrx_word' id='word_1_6' title='bbox 1233 147 1245 151; x_wconf 34' lang='grc' dir='ltr'><strong>Δ.</strong></span> 
     </span>
    </p>
   </div>
   <div class='ocr_carea' id='block_1_3' title="bbox 220 196 1297 614">
    <p class='ocr_par' dir='ltr' id='par_1_3' title="bbox 220 196 1297 614">
     <span class='ocr_line' id='line_1_3' title="bbox 222 196 1297 245; baseline 0.002 -13"><span class='ocrx_word' id='word_1_7' title='bbox 222 209 282 232; x_wconf 90' lang='grc' dir='ltr'><strong>νος</strong></span> <span class='ocrx_word' id='word_1_8' title='bbox 305 197 502 245; x_wconf 77' lang='grc' dir='ltr'><strong><em>ὄριζέσθω,</em></strong></span> <span class='ocrx_word' id='word_1_9' title='bbox 528 202 645 245; x_wconf 79' lang='grc' dir='ltr'><strong><em>φαμὲν</em></strong></span> <span class='ocrx_word' id='word_1_10' title='bbox 662 197 703 234; x_wconf 75' lang='grc' dir='ltr'><strong><em>δὲ</em></strong></span> <span class='ocrx_word' id='word_1_11' title='bbox 725 198 791 233; x_wconf 85' lang='grc' dir='ltr'><strong>τὸν</strong></span> <span class='ocrx_word' id='word_1_12' title='bbox 813 199 892 233; x_wconf 80' lang='grc' dir='ltr'><strong>τῶν</strong></span> <span class='ocrx_word' id='word_1_13' title='bbox 915 200 1018 233; x_wconf 77' lang='grc' dir='ltr'><strong><em>ἐννέα</em></strong></span> <span class='ocrx_word' id='word_1_14' title='bbox 1043 200 1183 243; x_wconf 81' lang='grc' dir='ltr'><strong><em>ιιηνῶν·</em></strong></span> <span class='ocrx_word' id='word_1_15' title='bbox 1208 196 1297 235; x_wconf 73' lang='grc' dir='ltr'><strong><em>ὥςτε</em></strong></span> 
     </span>
     <span class='ocr_line' id='line_1_4' title="bbox 222 241 1296 289; baseline 0.002 -12"><span class='ocrx_word' id='word_1_16' title='bbox 222 245 375 286; x_wconf 76' lang='grc' dir='ltr'><strong><em>ἐκεῖνον,</em></strong></span> <span class='ocrx_word' id='word_1_17' title='bbox 405 245 438 278; x_wconf 87' lang='grc' dir='ltr'><strong>εἰ</strong></span> <span class='ocrx_word' id='word_1_18' title='bbox 467 246 535 289; x_wconf 80' lang='grc' dir='ltr'><strong>μὲν</strong></span> <span class='ocrx_word' id='word_1_19' title='bbox 564 241 664 288; x_wconf 73' lang='grc' dir='ltr'><strong><em>αὐτῷ</em></strong></span> <span class='ocrx_word' id='word_1_20' title='bbox 695 245 748 287; x_wconf 77' lang='grc' dir='ltr'><strong>τῷ</strong></span> <span class='ocrx_word' id='word_1_21' title='bbox 777 244 994 288; x_wconf 84' lang='grc' dir='ltr'><strong><em>μεμηνυκότι</em></strong></span> <span class='ocrx_word' id='word_1_22' title='bbox 1022 244 1197 287; x_wconf 78' lang='grc' dir='ltr'><strong><em>πιστεύει,</em></strong></span> <span class='ocrx_word' id='word_1_23' title='bbox 1228 244 1296 288; x_wconf 85' lang='grc' dir='ltr'><strong>τὴν</strong></span> 
     </span>
     <span class='ocr_line' id='line_1_5' title="bbox 222 286 1294 337; baseline 0.001 -14"><span class='ocrx_word' id='word_1_24' title='bbox 222 286 327 332; x_wconf 85' lang='grc' dir='ltr'><strong><em>δίκην</em></strong></span> <span class='ocrx_word' id='word_1_25' title='bbox 349 291 475 333; x_wconf 76' lang='grc' dir='ltr'><strong><em>ἐκείνῳ</em></strong></span> <span class='ocrx_word' id='word_1_26' title='bbox 494 288 632 332; x_wconf 85' lang='grc' dir='ltr'><strong><em>ταύτην</em></strong></span> <span class='ocrx_word' id='word_1_27' title='bbox 655 290 873 334; x_wconf 78' lang='grc' dir='ltr'><strong><em>ἐπιτρέπειν,</em></strong></span> <span class='ocrx_word' id='word_1_28' title='bbox 898 290 929 322; x_wconf 82' lang='grc' dir='ltr'><strong>εἰ</strong></span> <span class='ocrx_word' id='word_1_29' title='bbox 949 287 990 323; x_wconf 75' lang='grc' dir='ltr'><strong><em>δὲ</em></strong></span> <span class='ocrx_word' id='word_1_30' title='bbox 1009 288 1235 337; x_wconf 84' lang='grc' dir='ltr'><strong><em>ἀλλοιότερόν</em></strong></span> <span class='ocrx_word' id='word_1_31' title='bbox 1258 304 1294 324; x_wconf 86' lang='grc' dir='ltr'><strong>τι</strong></span> 
     </span>
     <span class='ocr_line' id='line_1_6' title="bbox 223 331 1293 388; baseline 0.002 -20"><span class='ocrx_word' id='word_1_32' title='bbox 223 332 310 380; x_wconf 83' lang='grc' dir='ltr'><strong><em>πρὸς</em></strong></span> <span class='ocrx_word' id='word_1_33' title='bbox 333 336 469 368; x_wconf 82' lang='grc' dir='ltr'><strong><em>ἐκεῖνον</em></strong></span> <span class='ocrx_word' id='word_1_34' title='bbox 493 337 633 380; x_wconf 82' lang='grc' dir='ltr'><strong><em>φρονεῖ,</em></strong></span> <span class='ocrx_word' id='word_1_35' title='bbox 658 335 781 388; x_wconf 70' lang='grc' dir='ltr'><strong><em>ἕτερον</em></strong></span> <span class='ocrx_word' id='word_1_36' title='bbox 801 335 888 381; x_wconf 81' lang='grc' dir='ltr'><strong><em>γοῦν</em></strong></span> <span class='ocrx_word' id='word_1_37' title='bbox 908 336 1104 378; x_wconf 80' lang='grc' dir='ltr'><strong><em>ἐκπέμπειν</em></strong></span> <span class='ocrx_word' id='word_1_38' title='bbox 1123 335 1190 370; x_wconf 87' lang='grc' dir='ltr'><strong>τὸν</strong></span> <span class='ocrx_word' id='word_1_39' title='bbox 1208 331 1293 370; x_wconf 75' lang='grc' dir='ltr'><strong><em>ὑπο-</em></strong></span> 
     </span>
     <span class='ocr_line' id='line_1_7' title="bbox 222 377 1294 426; baseline 0.003 -14"><span class='ocrx_word' id='word_1_40' title='bbox 222 377 415 424; x_wconf 75' lang='grc' dir='ltr'><strong><em>δεξάμενον</em></strong></span> <span class='ocrx_word' id='word_1_41' title='bbox 430 381 517 415; x_wconf 85' lang='grc' dir='ltr'><strong><em>πᾶσι</em></strong></span> <span class='ocrx_word' id='word_1_42' title='bbox 535 378 679 424; x_wconf 85' lang='grc' dir='ltr'><strong><em>τρόποις</em></strong></span> <span class='ocrx_word' id='word_1_43' title='bbox 696 392 763 422; x_wconf 87' lang='grc' dir='ltr'><strong>την</strong></span> <span class='ocrx_word' id='word_1_44' title='bbox 779 378 964 426; x_wconf 76' lang='grc' dir='ltr'><strong><em>ἐναγωγὴν</em></strong></span> <span class='ocrx_word' id='word_1_45' title='bbox 980 383 1039 413; x_wconf 83' lang='grc' dir='ltr'><strong>καὶ</strong></span> <span class='ocrx_word' id='word_1_46' title='bbox 1054 379 1294 426; x_wconf 79' lang='grc' dir='ltr'><strong><em>πληρώσοντα</em></strong></span> 
     </span>
     <span class='ocr_line' id='line_1_8' title="bbox 222 422 1291 470; baseline 0.001 -11"><span class='ocrx_word' id='word_1_47' title='bbox 222 422 368 459; x_wconf 86' lang='grc' dir='ltr'><strong><em>πάντως</em></strong></span> <span class='ocrx_word' id='word_1_48' title='bbox 390 424 435 458; x_wconf 82' lang='grc' dir='ltr'><strong>τὰ</strong></span> <span class='ocrx_word' id='word_1_49' title='bbox 458 423 701 470; x_wconf 79' lang='grc' dir='ltr'><strong><em>ψηφιζόμενα,</em></strong></span> <span class='ocrx_word' id='word_1_50' title='bbox 732 425 763 458; x_wconf 84' lang='grc' dir='ltr'><strong>εἰ</strong></span> <span class='ocrx_word' id='word_1_51' title='bbox 785 424 833 468; x_wconf 83' lang='grc' dir='ltr'><strong><em>μὴ</em></strong></span> <span class='ocrx_word' id='word_1_52' title='bbox 857 425 975 470; x_wconf 81' lang='grc' dir='ltr'><strong><em>ἔφεσις</em></strong></span> <span class='ocrx_word' id='word_1_53' title='bbox 1004 422 1291 469; x_wconf 68' lang='grc' dir='ltr'><strong><em>ἀκολουθήσειεν,</em></strong></span> 
     </span>
     <span class='ocr_line' id='line_1_9' title="bbox 221 467 1295 513; baseline 0.001 -10"><span class='ocrx_word' id='word_1_54' title='bbox 221 470 293 503; x_wconf 83' lang='grc' dir='ltr'><strong><em>εἴτε</em></strong></span> <span class='ocrx_word' id='word_1_55' title='bbox 324 471 383 503; x_wconf 83' lang='grc' dir='ltr'><strong>ἐπὶ</strong></span> <span class='ocrx_word' id='word_1_56' title='bbox 414 472 573 513; x_wconf 77' lang='grc' dir='ltr'><strong><em>μείζονος</em></strong></span> <span class='ocrx_word' id='word_1_57' title='bbox 605 469 676 503; x_wconf 82' lang='grc' dir='ltr'><strong><em>εἴτε</em></strong></span> <span class='ocrx_word' id='word_1_58' title='bbox 704 470 764 504; x_wconf 78' lang='grc' dir='ltr'><strong>ἐπὶ</strong></span> <span class='ocrx_word' id='word_1_59' title='bbox 789 467 977 504; x_wconf 81' lang='grc' dir='ltr'><strong><em>ἐλάττονος</em></strong></span> <span class='ocrx_word' id='word_1_60' title='bbox 1007 471 1132 506; x_wconf 77' lang='grc' dir='ltr'><strong><em>αἰτίας.</em></strong></span> <span class='ocrx_word' id='word_1_61' title='bbox 1180 472 1225 505; x_wconf 88' lang='grc' dir='ltr'><strong>Εἰ</strong></span> <span class='ocrx_word' id='word_1_62' title='bbox 1256 469 1295 504; x_wconf 81' lang='grc' dir='ltr'><strong><em>δὲ</em></strong></span> 
     </span>
     <span class='ocr_line' id='line_1_10' title="bbox 221 511 1294 563; baseline 0.001 -14"><span class='ocrx_word' id='word_1_63' title='bbox 221 514 241 549; x_wconf 86' lang='grc' dir='ltr'>ὁ</span> <span class='ocrx_word' id='word_1_64' title='bbox 264 516 330 558; x_wconf 76' lang='grc' dir='ltr'><strong>μὲν</strong></span> <span class='ocrx_word' id='word_1_65' title='bbox 353 512 544 558; x_wconf 74' lang='grc' dir='ltr'><strong><em>μηνύσειεν</em></strong></span> <span class='ocrx_word' id='word_1_66' title='bbox 568 512 586 548; x_wconf 88' lang='grc' dir='ltr'>ὁ</span> <span class='ocrx_word' id='word_1_67' title='bbox 612 512 651 548; x_wconf 78' lang='grc' dir='ltr'><strong><em>δὲ</em></strong></span> <span class='ocrx_word' id='word_1_68' title='bbox 673 511 737 548; x_wconf 73' lang='grc' dir='ltr'><strong><em>οὐκ</em></strong></span> <span class='ocrx_word' id='word_1_69' title='bbox 761 516 975 561; x_wconf 81' lang='grc' dir='ltr'><strong><em>ἐπιτρέψειε,</em></strong></span> <span class='ocrx_word' id='word_1_70' title='bbox 1001 518 1061 549; x_wconf 83' lang='grc' dir='ltr'><strong>καὶ</strong></span> <span class='ocrx_word' id='word_1_71' title='bbox 1085 513 1104 550; x_wconf 81' lang='grc' dir='ltr'><strong><em>ό</em></strong></span> <span class='ocrx_word' id='word_1_72' title='bbox 1127 519 1294 563; x_wconf 79' lang='grc' dir='ltr'><strong><em>τεταγμέ-</em></strong></span> 
     </span>
     <span class='ocr_line' id='line_1_11' title="bbox 220 556 1295 614; baseline 0.002 -20"><span class='ocrx_word' id='word_1_73' title='bbox 220 571 280 613; x_wconf 72' lang='grc' dir='ltr'><strong>νος</strong></span> <span class='ocrx_word' id='word_1_74' title='bbox 303 557 531 613; x_wconf 58' lang='grc' dir='ltr'><strong><em>παραδράμοι</em></strong></span> <span class='ocrx_word' id='word_1_75' title='bbox 555 556 770 614; x_wconf 59' lang='grc' dir='ltr'><strong><em>χρόνος-,ἰός</em></strong></span> <span class='ocrx_word' id='word_1_76' title='bbox 790 557 834 602; x_wconf 86' lang='grc' dir='ltr'><strong><em>δὴ</em></strong></span> <span class='ocrx_word' id='word_1_77' title='bbox 853 564 986 614; x_wconf 69' lang='grc' dir='ltr'><strong><em>κυρίως</em></strong></span> <span class='ocrx_word' id='word_1_78' title='bbox 998 559 1205 608; x_wconf 85' lang='grc' dir='ltr'><strong><em>πράττοντα</em></strong></span> <span class='ocrx_word' id='word_1_79' title='bbox 1228 560 1295 596; x_wconf 83' lang='grc' dir='ltr'><strong>τὸν</strong></span> 
     </span>
    </p>
   </div>
   <div class='ocr_carea' id='block_1_4' title="bbox 1288 61 1375 134">
    <p class='ocr_par' dir='ltr' id='par_1_4' title="bbox 1288 61 1375 134">
     <span class='ocr_line' id='line_1_12' title="bbox 1288 61 1375 134; baseline 0 0"><span class='ocrx_word' id='word_1_80' title='bbox 1288 61 1375 134; x_wconf 75' lang='lat'><strong>352</strong></span> 
     </span>
    </p>
   </div>
   <div class='ocr_carea' id='block_1_5' title="bbox 1921 101 2434 135">
    <p class='ocr_par' dir='ltr' id='par_1_5' title="bbox 1921 101 2434 135">
     <span class='ocr_line' id='line_1_13' title="bbox 1921 101 2434 135; baseline 0.002 -1"><span class='ocrx_word' id='word_1_81' title='bbox 1921 102 1982 134; x_wconf 77' lang='lat' dir='ltr'><strong>UT</strong></span> <span class='ocrx_word' id='word_1_82' title='bbox 2011 101 2070 134; x_wconf 79' lang='grc' dir='ltr'><strong>ΟΜ</strong></span> <span class='ocrx_word' id='word_1_83' title='bbox 2075 102 2155 134; x_wconf 76' lang='lat' dir='ltr'><strong>NES</strong></span> <span class='ocrx_word' id='word_1_84' title='bbox 2184 101 2434 135; x_wconf 73' lang='lat' dir='ltr'>OBOEDIANT</span> 
     </span>
    </p>
   </div>
   <div class='ocr_carea' id='block_1_6' title="bbox 1331 199 2435 608">
    <p class='ocr_par' dir='ltr' id='par_1_6' title="bbox 1331 199 2435 608">
     <span class='ocr_line' id='line_1_14' title="bbox 1365 199 2434 248; baseline 0.002 -12"><span class='ocrx_word' id='word_1_85' title='bbox 1365 200 1435 236; x_wconf 88' lang='lat' dir='ltr'><strong>hoc</strong></span> <span class='ocrx_word' id='word_1_86' title='bbox 1470 202 1524 235; x_wconf 87' lang='lat' dir='ltr'><strong>est</strong></span> <span class='ocrx_word' id='word_1_87' title='bbox 1557 209 1682 236; x_wconf 84' lang='lat' dir='ltr'><strong>novem</strong></span> <span class='ocrx_word' id='word_1_88' title='bbox 1716 199 1908 237; x_wconf 84' lang='lat' dir='ltr'>mensium:</span> <span class='ocrx_word' id='word_1_89' title='bbox 1944 202 1985 236; x_wconf 87' lang='lat' dir='ltr'><strong>ut</strong></span> <span class='ocrx_word' id='word_1_90' title='bbox 2013 201 2091 245; x_wconf 90' lang='lat' dir='ltr'><strong>ille,</strong></span> <span class='ocrx_word' id='word_1_91' title='bbox 2127 202 2159 237; x_wconf 88' lang='lat' dir='ltr'><strong>si</strong></span> <span class='ocrx_word' id='word_1_92' title='bbox 2192 201 2332 247; x_wconf 83' lang='lat' dir='ltr'><strong>quidem</strong></span> <span class='ocrx_word' id='word_1_93' title='bbox 2365 201 2434 248; x_wconf 84' lang='lat' dir='ltr'><strong>ipsi</strong></span> 
     </span>
     <span class='ocr_line' id='line_1_15' title="bbox 1364 244 2433 289; baseline 0.003 -9"><span class='ocrx_word' id='word_1_94' title='bbox 1364 244 1543 281; x_wconf 78' lang='lat' dir='ltr'><strong>nuntianti</strong></span> <span class='ocrx_word' id='word_1_95' title='bbox 1573 245 1704 288; x_wconf 83' lang='lat' dir='ltr'><strong>credit,</strong></span> <span class='ocrx_word' id='word_1_96' title='bbox 1735 245 1833 281; x_wconf 88' lang='lat' dir='ltr'><strong>litem</strong></span> <span class='ocrx_word' id='word_1_97' title='bbox 1859 246 1911 281; x_wconf 90' lang='lat' dir='ltr'><strong>illi</strong></span> <span class='ocrx_word' id='word_1_98' title='bbox 1942 255 2020 282; x_wconf 87' lang='lat' dir='ltr'><strong>eam</strong></span> <span class='ocrx_word' id='word_1_99' title='bbox 2050 245 2265 289; x_wconf 70' lang='lat' dir='ltr'><strong>committat,</strong></span> <span class='ocrx_word' id='word_1_100' title='bbox 2297 247 2327 282; x_wconf 88' lang='lat' dir='ltr'><strong>si</strong></span> <span class='ocrx_word' id='word_1_101' title='bbox 2350 256 2433 283; x_wconf 86' lang='lat' dir='ltr'><strong>vero</strong></span> 
     </span>
     <span class='ocr_line' id='line_1_16' title="bbox 1363 290 2433 338; baseline 0.002 -12"><span class='ocrx_word' id='word_1_102' title='bbox 1363 290 1458 327; x_wconf 84' lang='lat' dir='ltr'><strong>aliud</strong></span> <span class='ocrx_word' id='word_1_103' title='bbox 1481 290 1615 336; x_wconf 87' lang='lat' dir='ltr'><strong>aliquid</strong></span> <span class='ocrx_word' id='word_1_104' title='bbox 1637 290 1681 326; x_wconf 87' lang='lat' dir='ltr'><strong>de</strong></span> <span class='ocrx_word' id='word_1_105' title='bbox 1697 290 1759 327; x_wconf 92' lang='lat' dir='ltr'><strong>illo</strong></span> <span class='ocrx_word' id='word_1_106' title='bbox 1780 291 1887 336; x_wconf 85' lang='lat' dir='ltr'><strong>sapit,</strong></span> <span class='ocrx_word' id='word_1_107' title='bbox 1910 291 2020 327; x_wconf 90' lang='lat' dir='ltr'><strong>alium</strong></span> <span class='ocrx_word' id='word_1_108' title='bbox 2038 291 2168 337; x_wconf 85' lang='lat' dir='ltr'><strong>dirigat</strong></span> <span class='ocrx_word' id='word_1_109' title='bbox 2186 293 2433 338; x_wconf 84' lang='lat' dir='ltr'><strong>suscepturum</strong></span> 
     </span>
     <span class='ocr_line' id='line_1_17' title="bbox 1362 335 2434 373; baseline 0.002 -3"><span class='ocrx_word' id='word_1_110' title='bbox 1362 335 1476 371; x_wconf 86' lang='lat' dir='ltr'><strong>modis</strong></span> <span class='ocrx_word' id='word_1_111' title='bbox 1512 336 1676 372; x_wconf 89' lang='lat' dir='ltr'><strong>omnibus</strong></span> <span class='ocrx_word' id='word_1_112' title='bbox 1710 336 1885 372; x_wconf 86' lang='lat' dir='ltr'><strong>actionem</strong></span> <span class='ocrx_word' id='word_1_113' title='bbox 1922 339 1960 372; x_wconf 86' lang='lat' dir='ltr'><strong>et</strong></span> <span class='ocrx_word' id='word_1_114' title='bbox 1994 347 2072 373; x_wconf 88' lang='lat' dir='ltr'><strong>com</strong></span> <span class='ocrx_word' id='word_1_115' title='bbox 2098 338 2253 373; x_wconf 78' lang='lat' dir='ltr'><strong>loturum</strong></span> <span class='ocrx_word' id='word_1_116' title='bbox 2291 337 2434 373; x_wconf 87' lang='lat' dir='ltr'><strong>omnino</strong></span> 
     </span>
     <span class='ocr_line' id='line_1_18' title="bbox 1331 380 2433 427; baseline 0.001 -11"><span class='ocrx_word' id='word_1_117' title='bbox 1331 385 1349 416; x_wconf 92' lang='lat'>5</span> <span class='ocrx_word' id='word_1_118' title='bbox 1363 391 1455 426; x_wconf 85' lang='lat' dir='ltr'><strong>quae</strong></span> <span class='ocrx_word' id='word_1_119' title='bbox 1489 380 1712 417; x_wconf 86' lang='lat' dir='ltr'><strong>decernenda</strong></span> <span class='ocrx_word' id='word_1_120' title='bbox 1746 384 1847 425; x_wconf 87' lang='lat' dir='ltr'><strong>sunt,</strong></span> <span class='ocrx_word' id='word_1_121' title='bbox 1883 381 1951 417; x_wconf 88' lang='lat' dir='ltr'><strong>nisi</strong></span> <span class='ocrx_word' id='word_1_122' title='bbox 1986 391 2079 427; x_wconf 87' lang='lat' dir='ltr'><strong>appe</strong></span> <span class='ocrx_word' id='word_1_123' title='bbox 2093 381 2178 418; x_wconf 86' lang='lat' dir='ltr'><strong>latio</strong></span> <span class='ocrx_word' id='word_1_124' title='bbox 2212 381 2322 417; x_wconf 84' lang='lat' dir='ltr'><strong>fuerit</strong></span> <span class='ocrx_word' id='word_1_125' title='bbox 2350 381 2433 418; x_wconf 86' lang='lat' dir='ltr'><strong>sub—</strong></span> 
     </span>
     <span class='ocr_line' id='line_1_19' title="bbox 1364 426 2435 468; baseline 0.002 -8"><span class='ocrx_word' id='word_1_126' title='bbox 1364 429 1506 468; x_wconf 88' lang='lat' dir='ltr'><strong>secuta,</strong></span> <span class='ocrx_word' id='word_1_127' title='bbox 1542 426 1614 462; x_wconf 85' lang='lat' dir='ltr'><strong>sive</strong></span> <span class='ocrx_word' id='word_1_128' title='bbox 1644 426 1682 462; x_wconf 90' lang='lat' dir='ltr'><strong>in</strong></span> <span class='ocrx_word' id='word_1_129' title='bbox 1712 426 1836 463; x_wconf 87' lang='lat' dir='ltr'><strong>maiori</strong></span> <span class='ocrx_word' id='word_1_130' title='bbox 1871 427 1945 463; x_wconf 85' lang='lat' dir='ltr'><strong>sive</strong></span> <span class='ocrx_word' id='word_1_131' title='bbox 1975 427 2013 462; x_wconf 95' lang='lat' dir='ltr'><strong>in</strong></span> <span class='ocrx_word' id='word_1_132' title='bbox 2044 426 2171 468; x_wconf 85' lang='lat' dir='ltr'><strong>minori</strong></span> <span class='ocrx_word' id='word_1_133' title='bbox 2201 436 2322 463; x_wconf 87' lang='lat' dir='ltr'><strong>causa.</strong></span> <span class='ocrx_word' id='word_1_134' title='bbox 2371 426 2435 462; x_wconf 83' lang='lat' dir='ltr'><strong>Sin</strong></span> 
     </span>
     <span class='ocr_line' id='line_1_20' title="bbox 1362 470 2435 516; baseline 0.003 -11"><span class='ocrx_word' id='word_1_135' title='bbox 1362 473 1480 506; x_wconf 83' lang='lat' dir='ltr'><strong>autem</strong></span> <span class='ocrx_word' id='word_1_136' title='bbox 1502 470 1563 506; x_wconf 92' lang='lat' dir='ltr'><strong>ille</strong></span> <span class='ocrx_word' id='word_1_137' title='bbox 1586 470 1727 516; x_wconf 89' lang='lat' dir='ltr'><strong>quidem</strong></span> <span class='ocrx_word' id='word_1_138' title='bbox 1749 472 1889 508; x_wconf 78' lang='lat' dir='ltr'><strong>nuntiet</strong></span> <span class='ocrx_word' id='word_1_139' title='bbox 1918 472 1980 508; x_wconf 92' lang='lat' dir='ltr'><strong>ille</strong></span> <span class='ocrx_word' id='word_1_140' title='bbox 2002 482 2084 508; x_wconf 86' lang='lat' dir='ltr'><strong>vero</strong></span> <span class='ocrx_word' id='word_1_141' title='bbox 2115 482 2188 508; x_wconf 90' lang='lat' dir='ltr'><strong>non</strong></span> <span class='ocrx_word' id='word_1_142' title='bbox 2212 471 2366 516; x_wconf 85' lang='lat' dir='ltr'><strong>ordinet,</strong></span> <span class='ocrx_word' id='word_1_143' title='bbox 2398 474 2435 508; x_wconf 88' lang='lat' dir='ltr'><strong>et</strong></span> 
     </span>
     <span class='ocr_line' id='line_1_21' title="bbox 1363 516 2433 563; baseline 0.001 -12"><span class='ocrx_word' id='word_1_144' title='bbox 1363 518 1538 552; x_wconf 87' lang='lat' dir='ltr'><strong>statutum</strong></span> <span class='ocrx_word' id='word_1_145' title='bbox 1567 518 1728 552; x_wconf 87' lang='lat' dir='ltr'><strong>transeat</strong></span> <span class='ocrx_word' id='word_1_146' title='bbox 1756 519 1914 563; x_wconf 85' lang='lat' dir='ltr'><strong>tempus,</strong></span> <span class='ocrx_word' id='word_1_147' title='bbox 1945 520 2127 562; x_wconf 88' lang='lat' dir='ltr'><strong>tamquam</strong></span> <span class='ocrx_word' id='word_1_148' title='bbox 2148 516 2250 553; x_wconf 87' lang='lat' dir='ltr'><strong>firme</strong></span> <span class='ocrx_word' id='word_1_149' title='bbox 2272 518 2433 562; x_wconf 78' lang='lat' dir='ltr'><strong>agentem</strong></span> 
     </span>
     <span class='ocr_line' id='line_1_22' title="bbox 1363 561 2435 608; baseline 0.002 -12"><span class='ocrx_word' id='word_1_150' title='bbox 1363 571 1445 597; x_wconf 86' lang='lat' dir='ltr'><strong>eum</strong></span> <span class='ocrx_word' id='word_1_151' title='bbox 1465 561 1525 606; x_wconf 86' lang='lat' dir='ltr'><strong>qui</strong></span> <span class='ocrx_word' id='word_1_152' title='bbox 1546 566 1738 598; x_wconf 84' lang='lat' dir='ltr'><strong>conventus</strong></span> <span class='ocrx_word' id='word_1_153' title='bbox 1759 566 1814 598; x_wconf 88' lang='lat' dir='ltr'><strong>est</strong></span> <span class='ocrx_word' id='word_1_154' title='bbox 1838 566 1874 598; x_wconf 92' lang='lat' dir='ltr'><strong>et</strong></span> <span class='ocrx_word' id='word_1_155' title='bbox 1893 573 1959 608; x_wconf 91' lang='lat' dir='ltr'><strong>pro</strong></span> <span class='ocrx_word' id='word_1_156' title='bbox 1981 563 2130 599; x_wconf 80' lang='lat' dir='ltr'><strong>absente</strong></span> <span class='ocrx_word' id='word_1_157' title='bbox 2152 572 2307 608; x_wconf 86' lang='lat' dir='ltr'><strong>persona</strong></span> <span class='ocrx_word' id='word_1_158' title='bbox 2329 562 2435 598; x_wconf 88' lang='lat' dir='ltr'><strong>etiam</strong></span> 
     </span>
    </p>
   </div>
   <div class='ocr_carea' id='block_1_7' title="bbox 220 605 2436 654">
    <p class='ocr_par' dir='ltr' id='par_1_7' title="bbox 220 605 2436 654">
     <span class='ocr_line' id='line_1_23' title="bbox 220 605 2436 654; baseline 0.003 -16"><span class='ocrx_word' id='word_1_159' title='bbox 220 618 414 652; x_wconf 82' lang='grc' dir='ltr'><strong><em>ῃτιαμενον</em></strong></span> <span class='ocrx_word' id='word_1_160' title='bbox 433 608 492 638; x_wconf 80' lang='grc' dir='ltr'><strong>καὶ</strong></span> <span class='ocrx_word' id='word_1_161' title='bbox 508 618 597 651; x_wconf 88' lang='grc' dir='ltr'><strong><em>υπερ</em></strong></span> <span class='ocrx_word' id='word_1_162' title='bbox 618 618 680 638; x_wconf 89' lang='grc' dir='ltr'><strong>του</strong></span> <span class='ocrx_word' id='word_1_163' title='bbox 699 616 854 639; x_wconf 86' lang='grc' dir='ltr'><strong><em>αποντος</em></strong></span> <span class='ocrx_word' id='word_1_164' title='bbox 869 617 1060 651; x_wconf 86' lang='grc' dir='ltr'><strong><em>προςωπου</em></strong></span> <span class='ocrx_word' id='word_1_165' title='bbox 1080 609 1140 640; x_wconf 83' lang='grc' dir='ltr'><strong>καὶ</strong></span> <span class='ocrx_word' id='word_1_166' title='bbox 1160 605 1294 641; x_wconf 84' lang='grc' dir='ltr'><strong><em>ἄκοντα</em></strong></span> <span class='ocrx_word' id='word_1_167' title='bbox 1310 610 1350 642; x_wconf 94' lang='grc'><strong>10</strong></span> <span class='ocrx_word' id='word_1_168' title='bbox 1363 607 1510 642; x_wconf 82' lang='lat' dir='ltr'><strong>invitum</strong></span> <span class='ocrx_word' id='word_1_169' title='bbox 1530 609 1733 652; x_wconf 74' lang='lat' dir='ltr'><strong>praesentet</strong></span> <span class='ocrx_word' id='word_1_170' title='bbox 1754 608 1887 652; x_wconf 82' lang='lat' dir='ltr'><strong>negotii</strong></span> <span class='ocrx_word' id='word_1_171' title='bbox 1910 607 2019 644; x_wconf 82' lang='lat' dir='ltr'><strong>iudex</strong></span> <span class='ocrx_word' id='word_1_172' title='bbox 2042 607 2139 654; x_wconf 73' lang='lat' dir='ltr'><strong>apud</strong></span> <span class='ocrx_word' id='word_1_173' title='bbox 2156 618 2261 644; x_wconf 74' lang='lat' dir='ltr'><strong>suum</strong></span> <span class='ocrx_word' id='word_1_174' title='bbox 2278 606 2436 644; x_wconf 65' lang='lat' dir='ltr'><strong>tribuual</strong></span> 
     </span>
    </p>
   </div>
   <div class='ocr_carea' id='block_1_8' title="bbox 219 647 1296 794">
    <p class='ocr_par' dir='ltr' id='par_1_8' title="bbox 219 647 1296 794">
     <span class='ocr_line' id='line_1_24' title="bbox 221 647 1296 696; baseline 0 -12"><span class='ocrx_word' id='word_1_175' title='bbox 221 649 521 695; x_wconf 85' lang='grc' dir='ltr'><strong><em>παραστησάσθω</em></strong></span> <span class='ocrx_word' id='word_1_176' title='bbox 554 647 573 684; x_wconf 85' lang='grc' dir='ltr'>ὁ</span> <span class='ocrx_word' id='word_1_177' title='bbox 604 651 665 692; x_wconf 81' lang='grc' dir='ltr'><strong>τῆς</strong></span> <span class='ocrx_word' id='word_1_178' title='bbox 694 647 905 685; x_wconf 72' lang='grc' dir='ltr'><strong><em>ὑποθέσεως</em></strong></span> <span class='ocrx_word' id='word_1_179' title='bbox 939 648 1163 696; x_wconf 76' lang='grc' dir='ltr'><strong><em>ἀκροώμενος</em></strong></span> <span class='ocrx_word' id='word_1_180' title='bbox 1197 651 1296 696; x_wconf 82' lang='grc' dir='ltr'><strong><em>παρὰ</em></strong></span> 
     </span>
     <span class='ocr_line' id='line_1_25' title="bbox 220 693 1294 743; baseline 0.001 -14"><span class='ocrx_word' id='word_1_181' title='bbox 220 694 261 729; x_wconf 84' lang='grc' dir='ltr'><strong>τὸ</strong></span> <span class='ocrx_word' id='word_1_182' title='bbox 277 695 407 729; x_wconf 86' lang='grc' dir='ltr'><strong><em>οἰκεῖον</em></strong></span> <span class='ocrx_word' id='word_1_183' title='bbox 424 693 664 739; x_wconf 86' lang='grc' dir='ltr'><strong><em>δικαστήριον,</em></strong></span> <span class='ocrx_word' id='word_1_184' title='bbox 689 698 748 729; x_wconf 84' lang='grc' dir='ltr'><strong>καὶ</strong></span> <span class='ocrx_word' id='word_1_185' title='bbox 763 694 831 739; x_wconf 87' lang='grc' dir='ltr'><strong>τὴν</strong></span> <span class='ocrx_word' id='word_1_186' title='bbox 852 693 954 739; x_wconf 85' lang='grc' dir='ltr'><strong><em>δίκην</em></strong></span> <span class='ocrx_word' id='word_1_187' title='bbox 975 696 1141 737; x_wconf 72' lang='grc' dir='ltr'><strong><em>ἐξετάσας</em></strong></span> <span class='ocrx_word' id='word_1_188' title='bbox 1160 698 1294 743; x_wconf 89' lang='grc' dir='ltr'><strong><em>παρόν-</em></strong></span> 
     </span>
     <span class='ocr_line' id='line_1_26' title="bbox 219 737 1295 794; baseline 0 -20"><span class='ocrx_word' id='word_1_189' title='bbox 219 752 278 774; x_wconf 85' lang='grc' dir='ltr'><strong>τος</strong></span> <span class='ocrx_word' id='word_1_190' title='bbox 296 741 359 774; x_wconf 84' lang='grc' dir='ltr'><strong>τοῦ</strong></span> <span class='ocrx_word' id='word_1_191' title='bbox 381 739 448 794; x_wconf 73' lang='grc' dir='ltr'><strong>τὴν</strong></span> <span class='ocrx_word' id='word_1_192' title='bbox 466 739 654 794; x_wconf 62' lang='grc' dir='ltr'><strong><em>ἐναγωγὴν</em></strong></span> <span class='ocrx_word' id='word_1_193' title='bbox 676 737 920 786; x_wconf 78' lang='grc' dir='ltr'><strong><em>ὑφισταμένου</em></strong></span> <span class='ocrx_word' id='word_1_194' title='bbox 940 739 1211 784; x_wconf 84' lang='grc' dir='ltr'><strong><em>καταδικαζέτω</em></strong></span> <span class='ocrx_word' id='word_1_195' title='bbox 1236 744 1295 775; x_wconf 81' lang='grc' dir='ltr'><strong>καὶ</strong></span> 
     </span>
    </p>
   </div>
   <div class='ocr_carea' id='block_1_9' title="bbox 1364 652 2435 796">
    <p class='ocr_par' dir='ltr' id='par_1_9' title="bbox 1364 652 2435 796">
     <span class='ocr_line' id='line_1_27' title="bbox 1364 652 2435 699; baseline 0.001 -12"><span class='ocrx_word' id='word_1_196' title='bbox 1364 657 1400 687; x_wconf 89' lang='lat' dir='ltr'><strong>et</strong></span> <span class='ocrx_word' id='word_1_197' title='bbox 1431 661 1576 687; x_wconf 87' lang='lat' dir='ltr'><strong>causam</strong></span> <span class='ocrx_word' id='word_1_198' title='bbox 1608 653 1813 689; x_wconf 72' lang='lat' dir='ltr'><strong>examinans</strong></span> <span class='ocrx_word' id='word_1_199' title='bbox 1844 655 2033 699; x_wconf 83' lang='lat' dir='ltr'><strong>praesente</strong></span> <span class='ocrx_word' id='word_1_200' title='bbox 2064 663 2108 690; x_wconf 88' lang='lat' dir='ltr'><strong>eo</strong></span> <span class='ocrx_word' id='word_1_201' title='bbox 2139 653 2200 699; x_wconf 88' lang='lat' dir='ltr'><strong>qui</strong></span> <span class='ocrx_word' id='word_1_202' title='bbox 2231 652 2435 689; x_wconf 86' lang='lat' dir='ltr'><strong>conventio-</strong></span> 
     </span>
     <span class='ocr_line' id='line_1_28' title="bbox 1364 697 2435 743; baseline 0.001 -11"><span class='ocrx_word' id='word_1_203' title='bbox 1364 707 1444 733; x_wconf 85' lang='lat' dir='ltr'><strong>nem</strong></span> <span class='ocrx_word' id='word_1_204' title='bbox 1462 697 1620 743; x_wconf 82' lang='lat' dir='ltr'><strong>suscepit</strong></span> <span class='ocrx_word' id='word_1_205' title='bbox 1640 697 1850 733; x_wconf 84' lang='lat' dir='ltr'><strong>condemnet</strong></span> <span class='ocrx_word' id='word_1_206' title='bbox 1870 698 1977 734; x_wconf 85' lang='lat' dir='ltr'><strong>etiam</strong></span> <span class='ocrx_word' id='word_1_207' title='bbox 1994 708 2085 742; x_wconf 92' lang='lat' dir='ltr'><strong>eum,</strong></span> <span class='ocrx_word' id='word_1_208' title='bbox 2108 699 2146 734; x_wconf 90' lang='lat' dir='ltr'><strong>in</strong></span> <span class='ocrx_word' id='word_1_209' title='bbox 2167 708 2236 743; x_wconf 88' lang='lat' dir='ltr'><strong>quo</strong></span> <span class='ocrx_word' id='word_1_210' title='bbox 2260 697 2435 735; x_wconf 86' lang='lat' dir='ltr'><strong>obnoxius</strong></span> 
     </span>
     <span class='ocr_line' id='line_1_29' title="bbox 1364 742 2434 796; baseline 0 -18"><span class='ocrx_word' id='word_1_211' title='bbox 1364 742 1581 788; x_wconf 87' lang='lat' dir='ltr'><strong>apparuerit,</strong></span> <span class='ocrx_word' id='word_1_212' title='bbox 1606 742 1754 796; x_wconf 78' lang='lat' dir='ltr'><strong>insuper</strong></span> <span class='ocrx_word' id='word_1_213' title='bbox 1773 747 1810 779; x_wconf 90' lang='lat' dir='ltr'><strong>et</strong></span> <span class='ocrx_word' id='word_1_214' title='bbox 1828 742 1929 779; x_wconf 92' lang='lat' dir='ltr'><strong>illum</strong></span> <span class='ocrx_word' id='word_1_215' title='bbox 1951 747 2034 790; x_wconf 87' lang='lat' dir='ltr'><strong>post</strong></span> <span class='ocrx_word' id='word_1_216' title='bbox 2053 743 2255 780; x_wconf 85' lang='lat' dir='ltr'><strong>huiusmodi</strong></span> <span class='ocrx_word' id='word_1_217' title='bbox 2276 742 2434 780; x_wconf 79' lang='lat' dir='ltr'><strong>admoni-</strong></span> 
     </span>
    </p>
   </div>
   <div class='ocr_carea' id='block_1_10' title="bbox 219 783 2435 879">
    <p class='ocr_par' dir='ltr' id='par_1_10' title="bbox 219 783 2435 879">
     <span class='ocr_line' id='line_1_30' title="bbox 220 783 2435 840; baseline 0.002 -21"><span class='ocrx_word' id='word_1_218' title='bbox 220 783 331 838; x_wconf 59' lang='grc' dir='ltr'><strong>αῇτὸν</strong></span> <span class='ocrx_word' id='word_1_219' title='bbox 361 787 461 837; x_wconf 73' lang='grc' dir='ltr'><strong><em>εἰπερ</em></strong></span> <span class='ocrx_word' id='word_1_220' title='bbox 490 786 702 840; x_wconf 62' lang='grc' dir='ltr'><strong>υπευθυνοςτ</strong></span> <span class='ocrx_word' id='word_1_221' title='bbox 718 789 859 832; x_wconf 82' lang='grc' dir='ltr'><strong><em>φανείη,</em></strong></span> <span class='ocrx_word' id='word_1_222' title='bbox 890 790 950 820; x_wconf 85' lang='grc' dir='ltr'><strong>καὶ</strong></span> <span class='ocrx_word' id='word_1_223' title='bbox 981 786 1069 832; x_wconf 89' lang='grc' dir='ltr'><strong><em>πρός</em></strong></span> <span class='ocrx_word' id='word_1_224' title='bbox 1097 800 1137 835; x_wconf 79' lang='grc' dir='ltr'><strong><em>γε</em></strong></span> <span class='ocrx_word' id='word_1_225' title='bbox 1160 789 1296 821; x_wconf 70' lang='grc' dir='ltr'><strong><em>ἐκεῖνον</em></strong></span> <span class='ocrx_word' id='word_1_226' title='bbox 1363 788 1495 824; x_wconf 78' lang='lat' dir='ltr'><strong>tionem</strong></span> <span class='ocrx_word' id='word_1_227' title='bbox 1514 788 1655 823; x_wconf 81' lang='lat' dir='ltr'><strong>mittere</strong></span> <span class='ocrx_word' id='word_1_228' title='bbox 1673 798 1709 823; x_wconf 88' lang='lat' dir='ltr'><strong>ln</strong></span> <span class='ocrx_word' id='word_1_229' title='bbox 1725 788 1946 833; x_wconf 78' lang='lat' dir='ltr'><strong>provinciam</strong></span> <span class='ocrx_word' id='word_1_230' title='bbox 1968 799 2041 825; x_wconf 88' lang='lat' dir='ltr'><strong>non</strong></span> <span class='ocrx_word' id='word_1_231' title='bbox 2059 790 2243 833; x_wconf 75' lang='lat' dir='ltr'><strong>volentem,</strong></span> <span class='ocrx_word' id='word_1_232' title='bbox 2267 789 2299 825; x_wconf 73' lang='lat' dir='ltr'><strong>si</strong></span> <span class='ocrx_word' id='word_1_233' title='bbox 2315 792 2435 824; x_wconf 76' lang='lat' dir='ltr'><strong>tamen</strong></span> 
     </span>
     <span class='ocr_line' id='line_1_31' title="bbox 219 829 2435 879; baseline 0.003 -16"><span class='ocrx_word' id='word_1_234' title='bbox 219 844 284 864; x_wconf 85' lang='grc' dir='ltr'><strong>τον</strong></span> <span class='ocrx_word' id='word_1_235' title='bbox 299 843 387 874; x_wconf 88' lang='grc' dir='ltr'><strong><em>μετα</em></strong></span> <span class='ocrx_word' id='word_1_236' title='bbox 405 843 472 874; x_wconf 87' lang='grc' dir='ltr'><strong>την</strong></span> <span class='ocrx_word' id='word_1_237' title='bbox 487 843 660 873; x_wconf 86' lang='grc' dir='ltr'><strong><em>τοιαυτην</em></strong></span> <span class='ocrx_word' id='word_1_238' title='bbox 683 829 889 875; x_wconf 90' lang='grc' dir='ltr'><strong><em>υπόμνησιν</em></strong></span> <span class='ocrx_word' id='word_1_239' title='bbox 905 833 1087 878; x_wconf 81' lang='grc' dir='ltr'><strong><em>ἐκπέμψαι</em></strong></span> <span class='ocrx_word' id='word_1_240' title='bbox 1102 831 1183 867; x_wconf 85' lang='grc' dir='ltr'><strong><em>τινὰ</em></strong></span> <span class='ocrx_word' id='word_1_241' title='bbox 1205 832 1296 867; x_wconf 85' lang='grc' dir='ltr'><strong><em>κατὰ</em></strong></span> <span class='ocrx_word' id='word_1_242' title='bbox 1310 836 1351 868; x_wconf 85' lang='grc'><strong>15</strong></span> <span class='ocrx_word' id='word_1_243' title='bbox 1365 833 1508 869; x_wconf 87' lang='lat' dir='ltr'><strong>omniuo</strong></span> <span class='ocrx_word' id='word_1_244' title='bbox 1532 833 1708 868; x_wconf 81' lang='lat' dir='ltr'><strong>obnoxius</strong></span> <span class='ocrx_word' id='word_1_245' title='bbox 1727 833 1944 878; x_wconf 78' lang='lat' dir='ltr'><strong>apparuerit.</strong></span> <span class='ocrx_word' id='word_1_246' title='bbox 1992 834 2042 870; x_wconf 87' lang='lat' dir='ltr'><strong>Et</strong></span> <span class='ocrx_word' id='word_1_247' title='bbox 2065 835 2097 870; x_wconf 76' lang='lat' dir='ltr'><strong>si</strong></span> <span class='ocrx_word' id='word_1_248' title='bbox 2112 834 2254 879; x_wconf 80' lang='lat' dir='ltr'><strong>quidem</strong></span> <span class='ocrx_word' id='word_1_249' title='bbox 2273 834 2357 870; x_wconf 75' lang='lat' dir='ltr'><strong>locu</strong></span> <span class='ocrx_word' id='word_1_250' title='bbox 2382 834 2435 870; x_wconf 79' lang='lat' dir='ltr'><strong>les</strong></span> 
     </span>
    </p>
   </div>
   <div class='ocr_carea' id='block_1_11' title="bbox 217 874 1296 1059">
    <p class='ocr_par' dir='ltr' id='par_1_11' title="bbox 217 874 1296 1059">
     <span class='ocr_line' id='line_1_32' title="bbox 218 874 1296 923; baseline 0.001 -14"><span class='ocrx_word' id='word_1_251' title='bbox 218 875 284 918; x_wconf 83' lang='grc' dir='ltr'><strong>τὴν</strong></span> <span class='ocrx_word' id='word_1_252' title='bbox 314 874 438 922; x_wconf 80' lang='grc' dir='ltr'><strong><em>χώραν</em></strong></span> <span class='ocrx_word' id='word_1_253' title='bbox 473 875 522 921; x_wconf 86' lang='grc' dir='ltr'><strong><em>μὴ</em></strong></span> <span class='ocrx_word' id='word_1_254' title='bbox 552 875 804 920; x_wconf 86' lang='grc' dir='ltr'><strong><em>βουληθέντα,</em></strong></span> <span class='ocrx_word' id='word_1_255' title='bbox 839 877 938 923; x_wconf 81' lang='grc' dir='ltr'><strong><em>εἴπερ</em></strong></span> <span class='ocrx_word' id='word_1_256' title='bbox 969 874 1060 912; x_wconf 78' lang='grc' dir='ltr'><strong><em>ὅλως</em></strong></span> <span class='ocrx_word' id='word_1_257' title='bbox 1092 876 1296 913; x_wconf 81' lang='grc' dir='ltr'><strong><em>ὑπεύθυνος</em></strong></span> 
     </span>
     <span class='ocr_line' id='line_1_33' title="bbox 218 919 1296 969; baseline 0.003 -15"><span class='ocrx_word' id='word_1_258' title='bbox 218 925 357 967; x_wconf 86' lang='grc' dir='ltr'><strong><em>φανείη.</em></strong></span> <span class='ocrx_word' id='word_1_259' title='bbox 404 924 464 955; x_wconf 85' lang='grc' dir='ltr'><strong>καὶ</strong></span> <span class='ocrx_word' id='word_1_260' title='bbox 488 922 519 955; x_wconf 84' lang='grc' dir='ltr'><strong>εἰ</strong></span> <span class='ocrx_word' id='word_1_261' title='bbox 540 923 609 965; x_wconf 77' lang='grc' dir='ltr'><strong>μὲν</strong></span> <span class='ocrx_word' id='word_1_262' title='bbox 632 920 780 969; x_wconf 76' lang='grc' dir='ltr'><strong><em>εὔπορος</em></strong></span> <span class='ocrx_word' id='word_1_263' title='bbox 803 922 872 965; x_wconf 81' lang='grc' dir='ltr'><strong><em>εἴη,</em></strong></span> <span class='ocrx_word' id='word_1_264' title='bbox 906 919 1013 957; x_wconf 78' lang='grc' dir='ltr'><strong><em>αὐτὸς</em></strong></span> <span class='ocrx_word' id='word_1_265' title='bbox 1033 921 1230 957; x_wconf 84' lang='grc' dir='ltr'><strong><em>ἐκτιννύτω</em></strong></span> <span class='ocrx_word' id='word_1_266' title='bbox 1251 921 1296 956; x_wconf 76' lang='grc' dir='ltr'><strong>τὰ</strong></span> 
     </span>
     <span class='ocr_line' id='line_1_34' title="bbox 218 964 1296 1014; baseline 0.002 -14"><span class='ocrx_word' id='word_1_267' title='bbox 218 968 256 1000; x_wconf 78' lang='grc' dir='ltr'><strong>ἐκ</strong></span> <span class='ocrx_word' id='word_1_268' title='bbox 279 968 339 1009; x_wconf 82' lang='grc' dir='ltr'><strong>τῆς</strong></span> <span class='ocrx_word' id='word_1_269' title='bbox 363 964 494 1012; x_wconf 78' lang='grc' dir='ltr'><strong><em>ψήφου,</em></strong></span> <span class='ocrx_word' id='word_1_270' title='bbox 527 968 557 1000; x_wconf 88' lang='grc' dir='ltr'><strong>εἰ</strong></span> <span class='ocrx_word' id='word_1_271' title='bbox 578 965 618 1001; x_wconf 78' lang='grc' dir='ltr'><strong><em>δὲ</em></strong></span> <span class='ocrx_word' id='word_1_272' title='bbox 640 965 785 1014; x_wconf 81' lang='grc' dir='ltr'><strong><em>ἀπόρως</em></strong></span> <span class='ocrx_word' id='word_1_273' title='bbox 808 969 882 1010; x_wconf 80' lang='grc' dir='ltr'><strong><em>ἔχοι</em></strong></span> <span class='ocrx_word' id='word_1_274' title='bbox 904 970 965 1002; x_wconf 84' lang='grc' dir='ltr'><strong>καὶ</strong></span> <span class='ocrx_word' id='word_1_275' title='bbox 986 967 1035 1012; x_wconf 89' lang='grc' dir='ltr'><strong><em>μὴ</em></strong></span> <span class='ocrx_word' id='word_1_276' title='bbox 1058 965 1182 1014; x_wconf 83' lang='grc' dir='ltr'><strong><em>ἀρκοίη</em></strong></span> <span class='ocrx_word' id='word_1_277' title='bbox 1207 966 1296 1014; x_wconf 85' lang='grc' dir='ltr'><strong><em>πρὸς</em></strong></span> 
     </span>
     <span class='ocr_line' id='line_1_35' title="bbox 217 1010 1295 1059; baseline 0.002 -14"><span class='ocrx_word' id='word_1_278' title='bbox 217 1011 258 1045; x_wconf 84' lang='grc' dir='ltr'><strong>τὸ</strong></span> <span class='ocrx_word' id='word_1_279' title='bbox 285 1012 360 1046; x_wconf 85' lang='grc' dir='ltr'><strong>πᾶν</strong></span> <span class='ocrx_word' id='word_1_280' title='bbox 383 1013 443 1054; x_wconf 81' lang='grc' dir='ltr'><strong>τῆς</strong></span> <span class='ocrx_word' id='word_1_281' title='bbox 467 1010 676 1055; x_wconf 79' lang='grc' dir='ltr'><strong><em>καταδίκης,</em></strong></span> <span class='ocrx_word' id='word_1_282' title='bbox 708 1014 908 1056; x_wconf 82' lang='grc' dir='ltr'><strong><em>τηνικαῦτα</em></strong></span> <span class='ocrx_word' id='word_1_283' title='bbox 938 1016 999 1047; x_wconf 86' lang='grc' dir='ltr'><strong>καὶ</strong></span> <span class='ocrx_word' id='word_1_284' title='bbox 1030 1015 1068 1047; x_wconf 75' lang='grc' dir='ltr'><strong>ἐκ</strong></span> <span class='ocrx_word' id='word_1_285' title='bbox 1090 1013 1202 1059; x_wconf 83' lang='grc' dir='ltr'><strong><em>(τῶν)</em></strong></span> <span class='ocrx_word' id='word_1_286' title='bbox 1230 1014 1295 1047; x_wconf 80' lang='grc' dir='ltr'><strong>τοῦ</strong></span> 
     </span>
    </p>
   </div>
   <div class='ocr_carea' id='block_1_12' title="bbox 217 1054 1351 1104">
    <p class='ocr_par' dir='ltr' id='par_1_12' title="bbox 217 1054 1351 1104">
     <span class='ocr_line' id='line_1_36' title="bbox 217 1054 1351 1104; baseline 0.003 -13"><span class='ocrx_word' id='word_1_287' title='bbox 217 1055 374 1092; x_wconf 77' lang='grc' dir='ltr'><strong><em>ἀπόντος</em></strong></span> <span class='ocrx_word' id='word_1_288' title='bbox 398 1054 696 1104; x_wconf 83' lang='grc' dir='ltr'><strong><em>ἀναπληρούσθω</em></strong></span> <span class='ocrx_word' id='word_1_289' title='bbox 728 1071 782 1102; x_wconf 81' lang='grc' dir='ltr'><strong>τῳ</strong></span> <span class='ocrx_word' id='word_1_290' title='bbox 812 1058 1014 1102; x_wconf 84' lang='grc' dir='ltr'><strong><em>νενικηκότι</em></strong></span> <span class='ocrx_word' id='word_1_291' title='bbox 1038 1055 1060 1102; x_wconf 81' lang='grc' dir='ltr'><strong><em>ἡ</em></strong></span> <span class='ocrx_word' id='word_1_292' title='bbox 1083 1060 1145 1094; x_wconf 74' lang='grc' dir='ltr'><strong>ἐπὶ</strong></span> <span class='ocrx_word' id='word_1_293' title='bbox 1175 1059 1295 1102; x_wconf 85' lang='grc' dir='ltr'><strong><em>τούτῳ</em></strong></span> <span class='ocrx_word' id='word_1_294' title='bbox 1309 1061 1351 1094; x_wconf 87' lang='grc'><strong>20</strong></span> 
     </span>
    </p>
   </div>
   <div class='ocr_carea' id='block_1_13' title="bbox 217 1105 335 1147">
    <p class='ocr_par' dir='ltr' id='par_1_13' title="bbox 217 1105 335 1147">
     <span class='ocr_line' id='line_1_37' title="bbox 217 1105 335 1147; baseline 0.034 -3"><span class='ocrx_word' id='word_1_295' title='bbox 217 1105 335 1147; x_wconf 74' lang='grc' dir='ltr'><strong><em>ζημία·</em></strong></span> 
     </span>
    </p>
   </div>
   <div class='ocr_carea' id='block_1_14' title="bbox 1363 878 2436 1050">
    <p class='ocr_par' dir='ltr' id='par_1_14' title="bbox 1363 878 2436 1050">
     <span class='ocr_line' id='line_1_38' title="bbox 1365 878 2434 924; baseline 0.001 -11"><span class='ocrx_word' id='word_1_296' title='bbox 1365 878 1427 922; x_wconf 87' lang='lat' dir='ltr'><strong>sit,</strong></span> <span class='ocrx_word' id='word_1_297' title='bbox 1458 878 1537 923; x_wconf 87' lang='lat' dir='ltr'><strong>ipse</strong></span> <span class='ocrx_word' id='word_1_298' title='bbox 1661 880 1720 914; x_wconf 86' lang='lat' dir='ltr'><strong>tur</strong></span> <span class='ocrx_word' id='word_1_299' title='bbox 1751 888 1843 923; x_wconf 88' lang='lat' dir='ltr'><strong>quae</strong></span> <span class='ocrx_word' id='word_1_300' title='bbox 1862 878 2006 915; x_wconf 86' lang='lat' dir='ltr'><strong>decreta</strong></span> <span class='ocrx_word' id='word_1_301' title='bbox 2028 882 2128 924; x_wconf 79' lang='lat' dir='ltr'><strong>sunt;</strong></span> <span class='ocrx_word' id='word_1_302' title='bbox 2159 879 2191 915; x_wconf 89' lang='lat' dir='ltr'><strong>si</strong></span> <span class='ocrx_word' id='word_1_303' title='bbox 2212 889 2296 915; x_wconf 81' lang='lat' dir='ltr'><strong>vero</strong></span> <span class='ocrx_word' id='word_1_304' title='bbox 2392 889 2434 914; x_wconf 88' lang='lat' dir='ltr'><strong>us</strong></span> 
     </span>
     <span class='ocr_line' id='line_1_39' title="bbox 1364 923 2434 969; baseline 0.001 -10"><span class='ocrx_word' id='word_1_305' title='bbox 1364 924 1411 959; x_wconf 88' lang='lat' dir='ltr'><strong>sit</strong></span> <span class='ocrx_word' id='word_1_306' title='bbox 1442 924 1537 969; x_wconf 84' lang='lat' dir='ltr'><strong>quod</strong></span> <span class='ocrx_word' id='word_1_307' title='bbox 1577 924 1627 959; x_wconf 88' lang='lat' dir='ltr'><strong>ha</strong></span> <span class='ocrx_word' id='word_1_308' title='bbox 1651 925 1690 959; x_wconf 89' lang='lat' dir='ltr'><strong>et</strong></span> <span class='ocrx_word' id='word_1_309' title='bbox 1718 928 1782 958; x_wconf 87' lang='lat' dir='ltr'><strong>aut</strong></span> <span class='ocrx_word' id='word_1_310' title='bbox 1812 934 1885 960; x_wconf 89' lang='lat' dir='ltr'><strong>non</strong></span> <span class='ocrx_word' id='word_1_311' title='bbox 1916 924 2073 960; x_wconf 84' lang='lat' dir='ltr'><strong>sufficiat</strong></span> <span class='ocrx_word' id='word_1_312' title='bbox 2102 924 2140 960; x_wconf 91' lang='lat' dir='ltr'><strong>in</strong></span> <span class='ocrx_word' id='word_1_313' title='bbox 2169 924 2239 960; x_wconf 86' lang='lat' dir='ltr'><strong>ista</strong></span> <span class='ocrx_word' id='word_1_314' title='bbox 2270 923 2434 960; x_wconf 83' lang='lat' dir='ltr'><strong>condem-</strong></span> 
     </span>
     <span class='ocr_line' id='line_1_40' title="bbox 1363 968 2436 1015; baseline 0 -11"><span class='ocrx_word' id='word_1_315' title='bbox 1363 969 1521 1012; x_wconf 81' lang='lat' dir='ltr'><strong>natione,</strong></span> <span class='ocrx_word' id='word_1_316' title='bbox 1541 970 1629 1004; x_wconf 88' lang='lat' dir='ltr'><strong>tunc</strong></span> <span class='ocrx_word' id='word_1_317' title='bbox 1648 970 1686 1004; x_wconf 90' lang='lat' dir='ltr'><strong>et</strong></span> <span class='ocrx_word' id='word_1_318' title='bbox 1705 968 1749 1004; x_wconf 90' lang='lat' dir='ltr'><strong>de</strong></span> <span class='ocrx_word' id='word_1_319' title='bbox 1765 968 1923 1005; x_wconf 83' lang='lat' dir='ltr'><strong>absentis</strong></span> <span class='ocrx_word' id='word_1_320' title='bbox 1944 969 2051 1006; x_wconf 88' lang='lat' dir='ltr'><strong>rebus</strong></span> <span class='ocrx_word' id='word_1_321' title='bbox 2074 970 2293 1015; x_wconf 76' lang='lat' dir='ltr'><strong>compleatur</strong></span> <span class='ocrx_word' id='word_1_322' title='bbox 2310 969 2436 1010; x_wconf 73' lang='lat' dir='ltr'><strong>victori</strong></span> 
     </span>
     <span class='ocr_line' id='line_1_41' title="bbox 1364 1012 1766 1050; baseline -0.005 0"><span class='ocrx_word' id='word_1_323' title='bbox 1364 1015 1531 1050; x_wconf 85' lang='lat' dir='ltr'><strong>damnum</strong></span> <span class='ocrx_word' id='word_1_324' title='bbox 1553 1012 1766 1050; x_wconf 88' lang='lat' dir='ltr'><strong>huiusmodi.</strong></span> 
     </span>
    </p>
   </div>
   <div class='ocr_carea' id='block_1_15' title="bbox 1209 1171 1454 1208">
    <p class='ocr_par' dir='ltr' id='par_1_15' title="bbox 1209 1171 1454 1208">
     <span class='ocr_line' id='line_1_42' title="bbox 1209 1171 1454 1208; baseline 0.004 -1"><span class='ocrx_word' id='word_1_325' title='bbox 1209 1171 1366 1208; x_wconf 84' lang='lat' dir='ltr'>CAPUT</span> <span class='ocrx_word' id='word_1_326' title='bbox 1388 1171 1454 1208; x_wconf 90' lang='lat'>111.</span> 
     </span>
    </p>
   </div>
   <div class='ocr_carea' id='block_1_16' title="bbox 213 1234 1292 1383">
    <p class='ocr_par' dir='ltr' id='par_1_16' title="bbox 213 1234 1292 1383">
     <span class='ocr_line' id='line_1_43' title="bbox 266 1234 1292 1286; baseline 0.002 -14"><span class='ocrx_word' id='word_1_327' title='bbox 266 1239 312 1272; x_wconf 81' lang='grc' dir='ltr'><strong>Εἰ</strong></span> <span class='ocrx_word' id='word_1_328' title='bbox 336 1236 376 1272; x_wconf 85' lang='grc' dir='ltr'><strong><em>δέ</em></strong></span> <span class='ocrx_word' id='word_1_329' title='bbox 395 1236 477 1273; x_wconf 78' lang='grc' dir='ltr'><strong><em>οὐδὲ</em></strong></span> <span class='ocrx_word' id='word_1_330' title='bbox 509 1234 615 1274; x_wconf 71' lang='grc' dir='ltr'><strong><em>αὐτὸς</em></strong></span> <span class='ocrx_word' id='word_1_331' title='bbox 644 1243 773 1285; x_wconf 81' lang='grc' dir='ltr'><strong><em>φανείη</em></strong></span> <span class='ocrx_word' id='word_1_332' title='bbox 804 1238 825 1275; x_wconf 83' lang='grc' dir='ltr'><strong><em>ὅ</em></strong></span> <span class='ocrx_word' id='word_1_333' title='bbox 854 1238 920 1275; x_wconf 76' lang='grc' dir='ltr'><strong>τὸν</strong></span> <span class='ocrx_word' id='word_1_334' title='bbox 949 1237 1073 1286; x_wconf 79' lang='grc' dir='ltr'><strong><em>κύριον</em></strong></span> <span class='ocrx_word' id='word_1_335' title='bbox 1103 1240 1164 1282; x_wconf 84' lang='grc' dir='ltr'><strong>τῆς</strong></span> <span class='ocrx_word' id='word_1_336' title='bbox 1194 1238 1292 1282; x_wconf 85' lang='grc' dir='ltr'><strong><em>δίκης</em></strong></span> 
     </span>
     <span class='ocr_line' id='line_1_44' title="bbox 215 1282 1290 1330; baseline 0.001 -12"><span class='ocrx_word' id='word_1_337' title='bbox 215 1283 525 1330; x_wconf 69' lang='grc' dir='ltr'><strong><em>παραστήσασθαι</em></strong></span> <span class='ocrx_word' id='word_1_338' title='bbox 556 1283 759 1319; x_wconf 83' lang='grc' dir='ltr'><strong><em>κελευσθεὶς</em></strong></span> <span class='ocrx_word' id='word_1_339' title='bbox 789 1282 812 1328; x_wconf 86' lang='grc' dir='ltr'><em>ἢ</em></span> <span class='ocrx_word' id='word_1_340' title='bbox 842 1283 907 1319; x_wconf 84' lang='grc' dir='ltr'><strong>τὸν</strong></span> <span class='ocrx_word' id='word_1_341' title='bbox 931 1282 1021 1330; x_wconf 78' lang='grc' dir='ltr'><strong><em>ὑπὲρ</em></strong></span> <span class='ocrx_word' id='word_1_342' title='bbox 1053 1282 1162 1320; x_wconf 78' lang='grc' dir='ltr'><strong><em>αὐτοῦ</em></strong></span> <span class='ocrx_word' id='word_1_343' title='bbox 1194 1288 1290 1330; x_wconf 87' lang='grc' dir='ltr'><strong><em>νομί-</em></strong></span> 
     </span>
     <span class='ocr_line' id='line_1_45' title="bbox 213 1329 1292 1383; baseline 0 -20"><span class='ocrx_word' id='word_1_344' title='bbox 213 1341 288 1374; x_wconf 87' lang='grc' dir='ltr'><strong>μως</strong></span> <span class='ocrx_word' id='word_1_345' title='bbox 303 1329 546 1383; x_wconf 42' lang='grc' dir='ltr'><strong><em>,πράττοντφ</em></strong></span> <span class='ocrx_word' id='word_1_346' title='bbox 582 1329 665 1364; x_wconf 86' lang='grc' dir='ltr'><strong><em>τότε</em></strong></span> <span class='ocrx_word' id='word_1_347' title='bbox 692 1329 878 1365; x_wconf 75' lang='grc' dir='ltr'><strong><em>καλείσθω</em></strong></span> <span class='ocrx_word' id='word_1_348' title='bbox 908 1332 976 1374; x_wconf 76' lang='grc' dir='ltr'><strong>μὲν</strong></span> <span class='ocrx_word' id='word_1_349' title='bbox 1006 1331 1052 1379; x_wconf 81' lang='grc' dir='ltr'><strong>τῇ</strong></span> <span class='ocrx_word' id='word_1_350' title='bbox 1083 1331 1147 1365; x_wconf 77' lang='grc' dir='ltr'><strong>τοῦ</strong></span> <span class='ocrx_word' id='word_1_351' title='bbox 1178 1329 1292 1375; x_wconf 89' lang='grc' dir='ltr'><strong><em>νόμου</em></strong></span> 
     </span>
    </p>
   </div>
   <div class='ocr_carea' id='block_1_17' title="bbox 1359 1239 2436 1376">
    <p class='ocr_par' dir='ltr' id='par_1_17' title="bbox 1359 1239 2436 1376">
     <span class='ocr_line' id='line_1_46' title="bbox 1411 1239 2436 1285; baseline 0.001 -10"><span class='ocrx_word' id='word_1_352' title='bbox 1411 1239 1448 1275; x_wconf 89' lang='lat' dir='ltr'><strong>Si</strong></span> <span class='ocrx_word' id='word_1_353' title='bbox 1472 1249 1554 1275; x_wconf 86' lang='lat' dir='ltr'><strong>vero</strong></span> <span class='ocrx_word' id='word_1_354' title='bbox 1577 1249 1693 1285; x_wconf 89' lang='lat' dir='ltr'><strong>neque</strong></span> <span class='ocrx_word' id='word_1_355' title='bbox 1722 1239 1800 1285; x_wconf 90' lang='lat' dir='ltr'><strong>ipse</strong></span> <span class='ocrx_word' id='word_1_356' title='bbox 1822 1239 2030 1285; x_wconf 89' lang='lat' dir='ltr'><strong>apparuerit</strong></span> <span class='ocrx_word' id='word_1_357' title='bbox 2061 1239 2122 1285; x_wconf 88' lang='lat' dir='ltr'><strong>qui</strong></span> <span class='ocrx_word' id='word_1_358' title='bbox 2151 1239 2330 1275; x_wconf 84' lang='lat' dir='ltr'><strong>dominum</strong></span> <span class='ocrx_word' id='word_1_359' title='bbox 2361 1239 2436 1276; x_wconf 87' lang='lat' dir='ltr'><strong>litis</strong></span> 
     </span>
     <span class='ocr_line' id='line_1_47' title="bbox 1359 1284 2435 1331; baseline 0.002 -11"><span class='ocrx_word' id='word_1_360' title='bbox 1359 1288 1587 1330; x_wconf 85' lang='lat' dir='ltr'><strong>praesentare</strong></span> <span class='ocrx_word' id='word_1_361' title='bbox 1609 1284 1728 1320; x_wconf 82' lang='lat' dir='ltr'><strong>iussus</strong></span> <span class='ocrx_word' id='word_1_362' title='bbox 1751 1288 1806 1320; x_wconf 88' lang='lat' dir='ltr'><strong>est</strong></span> <span class='ocrx_word' id='word_1_363' title='bbox 1828 1289 1892 1321; x_wconf 88' lang='lat' dir='ltr'><strong>aut</strong></span> <span class='ocrx_word' id='word_1_364' title='bbox 1931 1285 1969 1320; x_wconf 91' lang='lat' dir='ltr'><strong>ui</strong></span> <span class='ocrx_word' id='word_1_365' title='bbox 1984 1294 2050 1330; x_wconf 89' lang='lat' dir='ltr'><strong>pro</strong></span> <span class='ocrx_word' id='word_1_366' title='bbox 2073 1294 2115 1320; x_wconf 87' lang='lat' dir='ltr'><strong>eo</strong></span> <span class='ocrx_word' id='word_1_367' title='bbox 2136 1284 2291 1330; x_wconf 84' lang='lat' dir='ltr'><strong>legitime</strong></span> <span class='ocrx_word' id='word_1_368' title='bbox 2305 1295 2435 1331; x_wconf 80' lang='lat' dir='ltr'><strong>cogan-</strong></span> 
     </span>
     <span class='ocr_line' id='line_1_48' title="bbox 1360 1329 2436 1376; baseline 0.002 -11"><span class='ocrx_word' id='word_1_369' title='bbox 1360 1334 1431 1372; x_wconf 86' lang='lat' dir='ltr'><strong>tur,</strong></span> <span class='ocrx_word' id='word_1_370' title='bbox 1461 1333 1549 1366; x_wconf 87' lang='lat' dir='ltr'><strong>tunc</strong></span> <span class='ocrx_word' id='word_1_371' title='bbox 1571 1333 1720 1366; x_wconf 88' lang='lat' dir='ltr'><strong>vocetur</strong></span> <span class='ocrx_word' id='word_1_372' title='bbox 1743 1329 1882 1375; x_wconf 87' lang='lat' dir='ltr'><strong>quidem</strong></span> <span class='ocrx_word' id='word_1_373' title='bbox 1928 1330 2070 1376; x_wconf 81' lang='lat' dir='ltr'><strong>egitima</strong></span> <span class='ocrx_word' id='word_1_374' title='bbox 2092 1339 2191 1373; x_wconf 89' lang='lat' dir='ltr'><strong>voce,</strong></span> <span class='ocrx_word' id='word_1_375' title='bbox 2221 1341 2295 1367; x_wconf 87' lang='lat' dir='ltr'><strong>non</strong></span> <span class='ocrx_word' id='word_1_376' title='bbox 2316 1333 2436 1367; x_wconf 80' lang='lat' dir='ltr'><strong>autem</strong></span> 
     </span>
    </p>
   </div>
   <div class='ocr_carea' id='block_1_18' title="bbox 215 1373 2437 1428">
    <p class='ocr_par' dir='ltr' id='par_1_18' title="bbox 215 1373 2437 1428">
     <span class='ocr_line' id='line_1_49' title="bbox 215 1373 2437 1428; baseline 0.002 -20"><span class='ocrx_word' id='word_1_377' title='bbox 215 1388 338 1428; x_wconf 56' lang='grc' dir='ltr'><strong><em>φωνῃ,</em></strong></span> <span class='ocrx_word' id='word_1_378' title='bbox 358 1388 423 1428; x_wconf 41' lang='grc' dir='ltr'><strong>χμη</strong></span> <span class='ocrx_word' id='word_1_379' title='bbox 454 1373 649 1409; x_wconf 79' lang='grc' dir='ltr'><strong><em>υπακούων</em></strong></span> <span class='ocrx_word' id='word_1_380' title='bbox 683 1373 724 1410; x_wconf 74' lang='grc' dir='ltr'><strong><em>δὲ</em></strong></span> <span class='ocrx_word' id='word_1_381' title='bbox 753 1373 1059 1418; x_wconf 84' lang='grc' dir='ltr'><strong><em>καταδικαζέσθω</em></strong></span> <span class='ocrx_word' id='word_1_382' title='bbox 1094 1379 1155 1410; x_wconf 81' lang='grc' dir='ltr'><strong>καὶ</strong></span> <span class='ocrx_word' id='word_1_383' title='bbox 1186 1373 1293 1410; x_wconf 78' lang='grc' dir='ltr'><strong><em>ἀπών</em></strong></span> <span class='ocrx_word' id='word_1_384' title='bbox 1306 1378 1348 1411; x_wconf 88' lang='grc'><strong>25</strong></span> <span class='ocrx_word' id='word_1_385' title='bbox 1362 1374 1554 1411; x_wconf 80' lang='lat' dir='ltr'><strong>oboediens</strong></span> <span class='ocrx_word' id='word_1_386' title='bbox 1579 1376 1836 1411; x_wconf 81' lang='lat' dir='ltr'><strong>condemnetur</strong></span> <span class='ocrx_word' id='word_1_387' title='bbox 1859 1378 1896 1411; x_wconf 80' lang='lat' dir='ltr'><strong>et</strong></span> <span class='ocrx_word' id='word_1_388' title='bbox 1920 1375 2051 1412; x_wconf 77' lang='lat' dir='ltr'><strong>absens</strong></span> <span class='ocrx_word' id='word_1_389' title='bbox 2074 1374 2270 1412; x_wconf 77' lang='lat' dir='ltr'><strong>secundum</strong></span> <span class='ocrx_word' id='word_1_390' title='bbox 2293 1375 2437 1414; x_wconf 71' lang='lat' dir='ltr'><strong>Schema</strong></span> 
     </span>
    </p>
   </div>
   <div class='ocr_carea' id='block_1_19' title="bbox 213 1418 1294 1613">
    <p class='ocr_par' dir='ltr' id='par_1_19' title="bbox 213 1418 1294 1613">
     <span class='ocr_line' id='line_1_50' title="bbox 214 1418 1292 1467; baseline 0.001 -13"><span class='ocrx_word' id='word_1_391' title='bbox 214 1434 306 1454; x_wconf 87' lang='grc' dir='ltr'><strong><em>κατα</em></strong></span> <span class='ocrx_word' id='word_1_392' title='bbox 329 1434 371 1454; x_wconf 89' lang='grc' dir='ltr'><strong>το</strong></span> <span class='ocrx_word' id='word_1_393' title='bbox 395 1419 615 1465; x_wconf 78' lang='grc' dir='ltr'><strong><em>καλούμενον</em></strong></span> <span class='ocrx_word' id='word_1_394' title='bbox 643 1422 721 1455; x_wconf 84' lang='grc' dir='ltr'><strong>τῶν</strong></span> <span class='ocrx_word' id='word_1_395' title='bbox 745 1419 983 1466; x_wconf 81' lang='grc' dir='ltr'><strong><em>ἐρημοδικίων</em></strong></span> <span class='ocrx_word' id='word_1_396' title='bbox 1007 1422 1133 1465; x_wconf 80' lang='grc' dir='ltr'><strong><em>σχῆμα.</em></strong></span> <span class='ocrx_word' id='word_1_397' title='bbox 1181 1419 1200 1455; x_wconf 88' lang='grc' dir='ltr'><em>ὁ</em></span> <span class='ocrx_word' id='word_1_398' title='bbox 1224 1418 1292 1467; x_wconf 83' lang='grc' dir='ltr'><strong><em>γὰρ</em></strong></span> 
     </span>
     <span class='ocr_line' id='line_1_51' title="bbox 214 1463 1292 1514; baseline 0 -14"><span class='ocrx_word' id='word_1_399' title='bbox 214 1465 306 1500; x_wconf 80' lang='grc' dir='ltr'><strong><em>κατὰ</em></strong></span> <span class='ocrx_word' id='word_1_400' title='bbox 323 1468 542 1514; x_wconf 83' lang='grc' dir='ltr'><strong><em>προπέτειαν</em></strong></span> <span class='ocrx_word' id='word_1_401' title='bbox 558 1463 897 1511; x_wconf 86' lang='grc' dir='ltr'><strong><em>ἀπολιμπανόμενος</em></strong></span> <span class='ocrx_word' id='word_1_402' title='bbox 912 1465 994 1501; x_wconf 83' lang='grc' dir='ltr'><strong><em>κατ’</em></strong></span> <span class='ocrx_word' id='word_1_403' title='bbox 1011 1464 1118 1500; x_wconf 80' lang='grc' dir='ltr'><strong><em>οὐδὲν</em></strong></span> <span class='ocrx_word' id='word_1_404' title='bbox 1133 1465 1178 1500; x_wconf 84' lang='grc' dir='ltr'><strong>ἂν</strong></span> <span class='ocrx_word' id='word_1_405' title='bbox 1195 1465 1292 1500; x_wconf 79' lang='grc' dir='ltr'><strong><em>ἐλάτ-</em></strong></span> 
     </span>
     <span class='ocr_line' id='line_1_52' title="bbox 213 1508 1294 1558; baseline -0.001 -12"><span class='ocrx_word' id='word_1_406' title='bbox 213 1524 291 1546; x_wconf 84' lang='grc' dir='ltr'><strong>των</strong></span> <span class='ocrx_word' id='word_1_407' title='bbox 322 1511 385 1545; x_wconf 82' lang='grc' dir='ltr'><strong>τοῦ</strong></span> <span class='ocrx_word' id='word_1_408' title='bbox 410 1508 590 1558; x_wconf 87' lang='grc' dir='ltr'><strong><em>παρόντος</em></strong></span> <span class='ocrx_word' id='word_1_409' title='bbox 613 1512 818 1555; x_wconf 73' lang='grc' dir='ltr'><strong><em>νομισθείη.</em></strong></span> <span class='ocrx_word' id='word_1_410' title='bbox 864 1512 896 1546; x_wconf 87' lang='grc' dir='ltr'><strong>εἰ</strong></span> <span class='ocrx_word' id='word_1_411' title='bbox 917 1514 1043 1556; x_wconf 90' lang='grc' dir='ltr'><strong><em>μέντοι</em></strong></span> <span class='ocrx_word' id='word_1_412' title='bbox 1075 1509 1094 1546; x_wconf 88' lang='grc' dir='ltr'>ὁ</span> <span class='ocrx_word' id='word_1_413' title='bbox 1117 1513 1185 1556; x_wconf 79' lang='grc' dir='ltr'><strong>μὲν</strong></span> <span class='ocrx_word' id='word_1_414' title='bbox 1207 1511 1294 1546; x_wconf 84' lang='grc' dir='ltr'><strong><em>ἴσως</em></strong></span> 
     </span>
     <span class='ocr_line' id='line_1_53' title="bbox 215 1552 1293 1613; baseline 0.001 -23"><span class='ocrx_word' id='word_1_415' title='bbox 215 1569 314 1603; x_wconf 89' lang='grc' dir='ltr'><strong><em>παρα</em></strong></span> <span class='ocrx_word' id='word_1_416' title='bbox 338 1552 506 1610; x_wconf 58' lang='grc' dir='ltr'><strong><em>ενοιτοβῆ</em></strong></span> <span class='ocrx_word' id='word_1_417' title='bbox 527 1555 679 1591; x_wconf 83' lang='grc' dir='ltr'><strong><em>στείλειέ</em></strong></span> <span class='ocrx_word' id='word_1_418' title='bbox 699 1570 800 1600; x_wconf 85' lang='grc' dir='ltr'><strong><em>τινα,</em></strong></span> <span class='ocrx_word' id='word_1_419' title='bbox 833 1554 852 1611; x_wconf 65' lang='lat' dir='ltr'><strong>c}</strong></span> <span class='ocrx_word' id='word_1_420' title='bbox 875 1555 914 1591; x_wconf 80' lang='grc' dir='ltr'><strong><em>δὲ</em></strong></span> <span class='ocrx_word' id='word_1_421' title='bbox 937 1556 1181 1613; x_wconf 67' lang='grc' dir='ltr'><strong><em>κατηγορήσας</em></strong></span> <span class='ocrx_word' id='word_1_422' title='bbox 1204 1554 1293 1592; x_wconf 84' lang='grc' dir='ltr'><strong><em>ἀπο-</em></strong></span> 
     </span>
    </p>
   </div>
   <div class='ocr_carea' id='block_1_20' title="bbox 1361 1420 2437 1603">
    <p class='ocr_par' dir='ltr' id='par_1_20' title="bbox 1361 1420 2437 1603">
     <span class='ocr_line' id='line_1_54' title="bbox 1362 1420 2434 1466; baseline 0.003 -10"><span class='ocrx_word' id='word_1_423' title='bbox 1362 1420 1458 1465; x_wconf 88' lang='lat' dir='ltr'><strong>quod</strong></span> <span class='ocrx_word' id='word_1_424' title='bbox 1477 1421 1680 1466; x_wconf 86' lang='lat' dir='ltr'><strong>appellatur</strong></span> <span class='ocrx_word' id='word_1_425' title='bbox 1699 1420 1949 1457; x_wconf 86' lang='lat' dir='ltr'><strong>eremodieium</strong></span> <span class='ocrx_word' id='word_1_426' title='bbox 1969 1421 2018 1463; x_wconf 88' lang='lat' dir='ltr'><strong>(id</strong></span> <span class='ocrx_word' id='word_1_427' title='bbox 2033 1422 2088 1457; x_wconf 86' lang='lat' dir='ltr'><strong>est</strong></span> <span class='ocrx_word' id='word_1_428' title='bbox 2103 1420 2268 1457; x_wconf 76' lang='lat' dir='ltr'><strong>desertae</strong></span> <span class='ocrx_word' id='word_1_429' title='bbox 2281 1424 2434 1466; x_wconf 66' lang='lat' dir='ltr'><strong>musae).</strong></span> 
     </span>
     <span class='ocr_line' id='line_1_55' title="bbox 1361 1466 2437 1512; baseline 0.003 -11"><span class='ocrx_word' id='word_1_430' title='bbox 1361 1466 1454 1502; x_wconf 83' lang='lat' dir='ltr'><strong>Nam</strong></span> <span class='ocrx_word' id='word_1_431' title='bbox 1485 1466 1547 1512; x_wconf 90' lang='lat' dir='ltr'><strong>qui</strong></span> <span class='ocrx_word' id='word_1_432' title='bbox 1574 1476 1640 1511; x_wconf 86' lang='lat' dir='ltr'><strong>per</strong></span> <span class='ocrx_word' id='word_1_433' title='bbox 1670 1466 1931 1503; x_wconf 74' lang='lat' dir='ltr'><strong>contumaciam</strong></span> <span class='ocrx_word' id='word_1_434' title='bbox 1961 1466 2107 1510; x_wconf 84' lang='lat' dir='ltr'><strong>deserit,</strong></span> <span class='ocrx_word' id='word_1_435' title='bbox 2138 1466 2176 1502; x_wconf 91' lang='lat' dir='ltr'><strong>in</strong></span> <span class='ocrx_word' id='word_1_436' title='bbox 2199 1466 2298 1503; x_wconf 91' lang='lat' dir='ltr'><strong>nullo</strong></span> <span class='ocrx_word' id='word_1_437' title='bbox 2321 1467 2437 1504; x_wconf 90' lang='lat' dir='ltr'><strong>minor</strong></span> 
     </span>
     <span class='ocr_line' id='line_1_56' title="bbox 1361 1511 2435 1557; baseline 0.003 -11"><span class='ocrx_word' id='word_1_438' title='bbox 1361 1514 1552 1557; x_wconf 89' lang='lat' dir='ltr'><strong>praesente</strong></span> <span class='ocrx_word' id='word_1_439' title='bbox 1573 1511 1770 1557; x_wconf 86' lang='lat' dir='ltr'><strong>putabitur.</strong></span> <span class='ocrx_word' id='word_1_440' title='bbox 1816 1511 1853 1547; x_wconf 89' lang='lat' dir='ltr'><strong>Si</strong></span> <span class='ocrx_word' id='word_1_441' title='bbox 1876 1522 1958 1548; x_wconf 88' lang='lat' dir='ltr'><strong>vero</strong></span> <span class='ocrx_word' id='word_1_442' title='bbox 1980 1511 2041 1548; x_wconf 89' lang='lat' dir='ltr'><strong>ille</strong></span> <span class='ocrx_word' id='word_1_443' title='bbox 2063 1511 2204 1557; x_wconf 86' lang='lat' dir='ltr'><strong>quidem</strong></span> <span class='ocrx_word' id='word_1_444' title='bbox 2226 1511 2351 1548; x_wconf 82' lang='lat' dir='ltr'><strong>forsan</strong></span> <span class='ocrx_word' id='word_1_445' title='bbox 2372 1512 2435 1549; x_wconf 83' lang='lat' dir='ltr'><strong>ad-</strong></span> 
     </span>
     <span class='ocr_line' id='line_1_57' title="bbox 1361 1556 2435 1603; baseline 0.002 -11"><span class='ocrx_word' id='word_1_446' title='bbox 1361 1557 1496 1593; x_wconf 88' lang='lat' dir='ltr'><strong>venerit</strong></span> <span class='ocrx_word' id='word_1_447' title='bbox 1519 1560 1583 1592; x_wconf 87' lang='lat' dir='ltr'><strong>aut</strong></span> <span class='ocrx_word' id='word_1_448' title='bbox 1598 1556 1736 1592; x_wconf 89' lang='lat' dir='ltr'><strong>miserit</strong></span> <span class='ocrx_word' id='word_1_449' title='bbox 1753 1556 1966 1603; x_wconf 86' lang='lat' dir='ltr'><strong>quempiam,</strong></span> <span class='ocrx_word' id='word_1_450' title='bbox 1986 1558 2177 1593; x_wconf 85' lang='lat' dir='ltr'><strong>accusator</strong></span> <span class='ocrx_word' id='word_1_451' title='bbox 2197 1559 2316 1593; x_wconf 86' lang='lat' dir='ltr'><strong>autem</strong></span> <span class='ocrx_word' id='word_1_452' title='bbox 2332 1556 2435 1600; x_wconf 83' lang='lat' dir='ltr'><strong>desit,</strong></span> 
     </span>
    </p>
   </div>
   <div class='ocr_carea' id='block_1_21' title="bbox 216 1600 2434 1658">
    <p class='ocr_par' dir='ltr' id='par_1_21' title="bbox 216 1600 2434 1658">
     <span class='ocr_line' id='line_1_58' title="bbox 216 1600 2434 1658; baseline 0.001 -22"><span class='ocrx_word' id='word_1_453' title='bbox 216 1602 294 1647; x_wconf 81' lang='grc' dir='ltr'><strong><em>λειφ</em></strong></span> <span class='ocrx_word' id='word_1_454' title='bbox 328 1605 411 1657; x_wconf 66' lang='lat' dir='ltr'><strong>alr),³</strong></span> <span class='ocrx_word' id='word_1_455' title='bbox 434 1614 518 1636; x_wconf 88' lang='grc' dir='ltr'><strong><em>τοτε</em></strong></span> <span class='ocrx_word' id='word_1_456' title='bbox 549 1605 610 1636; x_wconf 88' lang='grc' dir='ltr'><strong>καὶ</strong></span> <span class='ocrx_word' id='word_1_457' title='bbox 633 1600 778 1655; x_wconf 55' lang='grc' dir='ltr'><strong><em>-ἀφιέτω</em></strong></span> <span class='ocrx_word' id='word_1_458' title='bbox 811 1615 876 1636; x_wconf 88' lang='grc' dir='ltr'><strong>τον</strong></span> <span class='ocrx_word' id='word_1_459' title='bbox 900 1604 1118 1658; x_wconf 74' lang='grc' dir='ltr'><strong><em>έναγομενον</em></strong></span> <span class='ocrx_word' id='word_1_460' title='bbox 1147 1604 1208 1636; x_wconf 75' lang='grc' dir='ltr'><strong>καὶ</strong></span> <span class='ocrx_word' id='word_1_461' title='bbox 1234 1600 1294 1636; x_wconf 82' lang='grc' dir='ltr'><strong>τὰς</strong></span> <span class='ocrx_word' id='word_1_462' title='bbox 1306 1604 1348 1636; x_wconf 89' lang='grc'><strong>30</strong></span> <span class='ocrx_word' id='word_1_463' title='bbox 1361 1606 1448 1637; x_wconf 80' lang='lat' dir='ltr'><strong>tunc</strong></span> <span class='ocrx_word' id='word_1_464' title='bbox 1480 1605 1517 1637; x_wconf 85' lang='lat' dir='ltr'><strong>et</strong></span> <span class='ocrx_word' id='word_1_465' title='bbox 1545 1600 1731 1638; x_wconf 81' lang='lat' dir='ltr'><strong>absolvere</strong></span> <span class='ocrx_word' id='word_1_466' title='bbox 1761 1613 1861 1638; x_wconf 87' lang='lat' dir='ltr'><strong>reum</strong></span> <span class='ocrx_word' id='word_1_467' title='bbox 1894 1604 1931 1638; x_wconf 78' lang='lat' dir='ltr'><strong>et</strong></span> <span class='ocrx_word' id='word_1_468' title='bbox 1955 1602 2085 1638; x_wconf 73' lang='lat' dir='ltr'><strong>damna</strong></span> <span class='ocrx_word' id='word_1_469' title='bbox 2114 1602 2190 1638; x_wconf 85' lang='lat' dir='ltr'><strong>eius</strong></span> <span class='ocrx_word' id='word_1_470' title='bbox 2220 1602 2354 1639; x_wconf 83' lang='lat' dir='ltr'><strong>mederi</strong></span> <span class='ocrx_word' id='word_1_471' title='bbox 2376 1613 2434 1639; x_wconf 72' lang='lat' dir='ltr'><strong>ca·</strong></span> 
     </span>
    </p>
   </div>
   <div class='ocr_carea' id='block_1_22' title="bbox 213 1647 1294 1838">
    <p class='ocr_par' dir='ltr' id='par_1_22' title="bbox 213 1647 1294 1838">
     <span class='ocr_line' id='line_1_59' title="bbox 218 1647 1293 1695; baseline -0.001 -14"><span class='ocrx_word' id='word_1_472' title='bbox 218 1651 343 1690; x_wconf 85' lang='grc' dir='ltr'><strong><em>ζημίας</em></strong></span> <span class='ocrx_word' id='word_1_473' title='bbox 368 1648 470 1690; x_wconf 75' lang='grc' dir='ltr'><strong><em>αυτῷ</em></strong></span> <span class='ocrx_word' id='word_1_474' title='bbox 486 1647 715 1692; x_wconf 84' lang='grc' dir='ltr'><strong><em>θεραπευσαι</em></strong></span> <span class='ocrx_word' id='word_1_475' title='bbox 738 1648 804 1682; x_wconf 85' lang='grc' dir='ltr'><strong>τὸν</strong></span> <span class='ocrx_word' id='word_1_476' title='bbox 821 1660 1050 1694; x_wconf 88' lang='grc' dir='ltr'><strong><em>συκοφαντην</em></strong></span> <span class='ocrx_word' id='word_1_477' title='bbox 1068 1660 1293 1695; x_wconf 80' lang='grc' dir='ltr'><strong><em>καταναγκα-</em></strong></span> 
     </span>
     <span class='ocr_line' id='line_1_60' title="bbox 215 1688 1294 1740; baseline -0.001 -13"><span class='ocrx_word' id='word_1_478' title='bbox 215 1695 319 1735; x_wconf 84' lang='grc' dir='ltr'><strong><em>ζέτω.</em></strong></span> <span class='ocrx_word' id='word_1_479' title='bbox 362 1690 458 1726; x_wconf 72' lang='grc' dir='ltr'><strong><em>οὕτω</em></strong></span> <span class='ocrx_word' id='word_1_480' title='bbox 490 1690 559 1740; x_wconf 75' lang='grc' dir='ltr'><strong><em>γὰρ</em></strong></span> <span class='ocrx_word' id='word_1_481' title='bbox 588 1694 734 1727; x_wconf 82' lang='grc' dir='ltr'><strong><em>ἔσονται</em></strong></span> <span class='ocrx_word' id='word_1_482' title='bbox 762 1696 899 1740; x_wconf 86' lang='grc' dir='ltr'><strong><em>μέτριοι</em></strong></span> <span class='ocrx_word' id='word_1_483' title='bbox 928 1690 1076 1735; x_wconf 80' lang='grc' dir='ltr'><strong><em>πάντες,</em></strong></span> <span class='ocrx_word' id='word_1_484' title='bbox 1109 1688 1205 1727; x_wconf 67' lang='grc' dir='ltr'><strong><em>οὕτω</em></strong></span> <span class='ocrx_word' id='word_1_485' title='bbox 1230 1693 1294 1728; x_wconf 78' lang='grc' dir='ltr'><strong>τοῦ</strong></span> 
     </span>
     <span class='ocr_line' id='line_1_61' title="bbox 213 1733 1293 1786; baseline -0.001 -13"><span class='ocrx_word' id='word_1_486' title='bbox 213 1736 434 1782; x_wconf 82' lang='grc' dir='ltr'><strong><em>πλημμελεῖν</em></strong></span> <span class='ocrx_word' id='word_1_487' title='bbox 451 1737 664 1780; x_wconf 81' lang='grc' dir='ltr'><strong><em>παύσονται,</em></strong></span> <span class='ocrx_word' id='word_1_488' title='bbox 685 1733 798 1772; x_wconf 69' lang='grc' dir='ltr'><strong><em>οὕτως</em></strong></span> <span class='ocrx_word' id='word_1_489' title='bbox 818 1736 881 1781; x_wconf 75' lang='grc' dir='ltr'><strong><em>οὐχ</em></strong></span> <span class='ocrx_word' id='word_1_490' title='bbox 896 1735 1090 1786; x_wconf 73' lang='grc' dir='ltr'><strong><em>ἡγήσονται</em></strong></span> <span class='ocrx_word' id='word_1_491' title='bbox 1106 1735 1293 1772; x_wconf 82' lang='grc' dir='ltr'><strong><em>δύνασθαι</em></strong></span> 
     </span>
     <span class='ocr_line' id='line_1_62' title="bbox 213 1779 1291 1838; baseline -0.002 -19"><span class='ocrx_word' id='word_1_492' title='bbox 213 1786 234 1820; x_wconf 92' lang='lat'>1</span> <span class='ocrx_word' id='word_1_493' title='bbox 270 1782 313 1818; x_wconf 77' lang='grc' dir='ltr'><strong>’τὸ</strong></span> <span class='ocrx_word' id='word_1_494' title='bbox 337 1782 506 1818; x_wconf 84' lang='grc' dir='ltr'><strong><em>πλουτεῖν</em></strong></span> <span class='ocrx_word' id='word_1_495' title='bbox 529 1784 593 1817; x_wconf 82' lang='grc' dir='ltr'><strong>τοῦ</strong></span> <span class='ocrx_word' id='word_1_496' title='bbox 614 1781 930 1838; x_wconf 40' lang='grc' dir='ltr'><strong><em>δικαίουῖκρατεῖν.</em></strong></span> <span class='ocrx_word' id='word_1_497' title='bbox 977 1786 1050 1818; x_wconf 78' lang='grc' dir='ltr'><strong>Καὶ</strong></span> <span class='ocrx_word' id='word_1_498' title='bbox 1072 1779 1113 1817; x_wconf 83' lang='grc' dir='ltr'><strong><em>οὗ</em></strong></span> <span class='ocrx_word' id='word_1_499' title='bbox 1137 1782 1291 1827; x_wconf 83' lang='grc' dir='ltr'><strong><em>λέληθεν</em></strong></span> 
     </span>
    </p>
   </div>
   <div class='ocr_carea' id='block_1_23' title="bbox 1359 1647 2435 1829">
    <p class='ocr_par' dir='ltr' id='par_1_23' title="bbox 1359 1647 2435 1784">
     <span class='ocr_line' id='line_1_63' title="bbox 1360 1647 2435 1693; baseline 0.001 -9"><span class='ocrx_word' id='word_1_500' title='bbox 1360 1648 1609 1684; x_wconf 89' lang='lat' dir='ltr'><strong>lumniatorem</strong></span> <span class='ocrx_word' id='word_1_501' title='bbox 1633 1651 1747 1693; x_wconf 86' lang='lat' dir='ltr'><strong>cogat.</strong></span> <span class='ocrx_word' id='word_1_502' title='bbox 1795 1647 1854 1683; x_wconf 89' lang='lat' dir='ltr'><strong>Sic</strong></span> <span class='ocrx_word' id='word_1_503' title='bbox 1877 1651 1983 1683; x_wconf 88' lang='lat' dir='ltr'><strong>erunt</strong></span> <span class='ocrx_word' id='word_1_504' title='bbox 2008 1647 2197 1693; x_wconf 90' lang='lat' dir='ltr'><strong>temperati</strong></span> <span class='ocrx_word' id='word_1_505' title='bbox 2220 1657 2352 1692; x_wconf 84' lang='lat' dir='ltr'><strong>omnes,</strong></span> <span class='ocrx_word' id='word_1_506' title='bbox 2383 1648 2435 1685; x_wconf 88' lang='lat' dir='ltr'><strong>sic</strong></span> 
     </span>
     <span class='ocr_line' id='line_1_64' title="bbox 1360 1692 2430 1739; baseline 0.002 -11"><span class='ocrx_word' id='word_1_507' title='bbox 1360 1703 1510 1739; x_wconf 86' lang='lat' dir='ltr'><strong>peccare</strong></span> <span class='ocrx_word' id='word_1_508' title='bbox 1535 1693 1743 1736; x_wconf 87' lang='lat' dir='ltr'><strong>cessabunt,</strong></span> <span class='ocrx_word' id='word_1_509' title='bbox 1773 1692 1826 1729; x_wconf 91' lang='lat' dir='ltr'><strong>sic</strong></span> <span class='ocrx_word' id='word_1_510' title='bbox 1851 1703 1923 1728; x_wconf 89' lang='lat' dir='ltr'><strong>non</strong></span> <span class='ocrx_word' id='word_1_511' title='bbox 1945 1693 2127 1739; x_wconf 87' lang='lat' dir='ltr'><strong>putabunt</strong></span> <span class='ocrx_word' id='word_1_512' title='bbox 2155 1693 2354 1738; x_wconf 84' lang='lat' dir='ltr'><strong>potentiam</strong></span> <span class='ocrx_word' id='word_1_513' title='bbox 2377 1693 2430 1731; x_wconf 85' lang='lat' dir='ltr'><strong>di-</strong></span> 
     </span>
     <span class='ocr_line' id='line_1_65' title="bbox 1359 1738 1943 1784; baseline 0 -11"><span class='ocrx_word' id='word_1_514' title='bbox 1359 1738 1525 1774; x_wconf 88' lang='lat' dir='ltr'><strong>vitiarum</strong></span> <span class='ocrx_word' id='word_1_515' title='bbox 1549 1738 1706 1774; x_wconf 84' lang='lat' dir='ltr'><strong>iustitiae</strong></span> <span class='ocrx_word' id='word_1_516' title='bbox 1728 1738 1943 1784; x_wconf 84' lang='lat' dir='ltr'><strong>praevalere.</strong></span> 
     </span>
    </p>

    <p class='ocr_par' dir='ltr' id='par_1_24' title="bbox 1359 1782 2435 1829">
     <span class='ocr_line' id='line_1_66' title="bbox 1359 1782 2435 1829; baseline 0.001 -10"><span class='ocrx_word' id='word_1_517' title='bbox 1359 1785 1379 1819; x_wconf 91' lang='lat'><strong>1</strong></span> <span class='ocrx_word' id='word_1_518' title='bbox 1426 1783 1503 1819; x_wconf 89' lang='lat' dir='ltr'><strong>Nec</strong></span> <span class='ocrx_word' id='word_1_519' title='bbox 1526 1783 1616 1819; x_wconf 87' lang='lat' dir='ltr'><strong>latet</strong></span> <span class='ocrx_word' id='word_1_520' title='bbox 1638 1794 1704 1820; x_wconf 90' lang='lat' dir='ltr'><strong>nos</strong></span> <span class='ocrx_word' id='word_1_521' title='bbox 1729 1783 1814 1828; x_wconf 88' lang='lat' dir='ltr'><strong>quia</strong></span> <span class='ocrx_word' id='word_1_522' title='bbox 1836 1783 1959 1819; x_wconf 84' lang='lat' dir='ltr'><strong>forsan</strong></span> <span class='ocrx_word' id='word_1_523' title='bbox 1981 1793 2097 1829; x_wconf 86' lang='lat' dir='ltr'><strong>neque</strong></span> <span class='ocrx_word' id='word_1_524' title='bbox 2118 1782 2188 1819; x_wconf 84' lang='lat' dir='ltr'><strong>hoc</strong></span> <span class='ocrx_word' id='word_1_525' title='bbox 2212 1782 2366 1820; x_wconf 86' lang='lat' dir='ltr'><strong>sufficiet</strong></span> <span class='ocrx_word' id='word_1_526' title='bbox 2386 1784 2435 1820; x_wconf 84' lang='lat' dir='ltr'><strong>ad</strong></span> 
     </span>
    </p>
   </div>
   <div class='ocr_carea' id='block_1_24' title="bbox 213 1825 2433 1876">
    <p class='ocr_par' dir='ltr' id='par_1_25' title="bbox 213 1825 2433 1876">
     <span class='ocr_line' id='line_1_67' title="bbox 213 1825 2433 1876; baseline 0.002 -14"><span class='ocrx_word' id='word_1_527' title='bbox 213 1827 311 1874; x_wconf 83' lang='grc' dir='ltr'><strong><em>ἡμᾶς,</em></strong></span> <span class='ocrx_word' id='word_1_528' title='bbox 337 1827 384 1862; x_wconf 76' lang='grc' dir='ltr'><strong>ὠς</strong></span> <span class='ocrx_word' id='word_1_529' title='bbox 404 1829 490 1863; x_wconf 79' lang='grc' dir='ltr'><strong><em>ἴσως</em></strong></span> <span class='ocrx_word' id='word_1_530' title='bbox 513 1825 596 1863; x_wconf 74' lang='grc' dir='ltr'><strong><em>οὐδὲ</em></strong></span> <span class='ocrx_word' id='word_1_531' title='bbox 617 1830 724 1863; x_wconf 80' lang='grc' dir='ltr'><strong><em>τοῦτο</em></strong></span> <span class='ocrx_word' id='word_1_532' title='bbox 748 1832 849 1875; x_wconf 81' lang='grc' dir='ltr'><strong><em>αρκεῖ</em></strong></span> <span class='ocrx_word' id='word_1_533' title='bbox 869 1828 957 1875; x_wconf 77' lang='grc' dir='ltr'><strong><em>πρὸς</em></strong></span> <span class='ocrx_word' id='word_1_534' title='bbox 975 1827 1203 1872; x_wconf 78' lang='grc' dir='ltr'><strong><em>τελειοτάτην</em></strong></span> <span class='ocrx_word' id='word_1_535' title='bbox 1226 1829 1289 1863; x_wconf 82' lang='grc' dir='ltr'><strong><em>τοῦ</em></strong></span> <span class='ocrx_word' id='word_1_536' title='bbox 1305 1830 1347 1864; x_wconf 87' lang='grc'><strong>35</strong></span> <span class='ocrx_word' id='word_1_537' title='bbox 1359 1828 1653 1875; x_wconf 84' lang='lat' dir='ltr'><strong>perfectissimam</strong></span> <span class='ocrx_word' id='word_1_538' title='bbox 1677 1838 1807 1865; x_wconf 86' lang='lat' dir='ltr'><strong>causae</strong></span> <span class='ocrx_word' id='word_1_539' title='bbox 1829 1828 2012 1872; x_wconf 87' lang='lat' dir='ltr'><strong>medelam,</strong></span> <span class='ocrx_word' id='word_1_540' title='bbox 2047 1838 2126 1864; x_wconf 90' lang='lat' dir='ltr'><strong>cum</strong></span> <span class='ocrx_word' id='word_1_541' title='bbox 2148 1828 2346 1866; x_wconf 88' lang='lat' dir='ltr'><strong>iudicantes</strong></span> <span class='ocrx_word' id='word_1_542' title='bbox 2369 1840 2433 1876; x_wconf 86' lang='lat' dir='ltr'><strong>po-</strong></span> 
     </span>
    </p>
   </div>
   <div class='ocr_carea' id='block_1_25' title="bbox 213 1872 1292 2065">
    <p class='ocr_par' dir='ltr' id='par_1_26' title="bbox 213 1872 1292 2065">
     <span class='ocr_line' id='line_1_68' title="bbox 213 1872 1290 1921; baseline -0.002 -11"><span class='ocrx_word' id='word_1_543' title='bbox 213 1873 421 1921; x_wconf 79' lang='grc' dir='ltr'><strong><em>πράγματος</em></strong></span> <span class='ocrx_word' id='word_1_544' title='bbox 442 1874 658 1921; x_wconf 74' lang='grc' dir='ltr'><strong><em>θεραπείαν,</em></strong></span> <span class='ocrx_word' id='word_1_545' title='bbox 683 1875 761 1908; x_wconf 81' lang='grc' dir='ltr'><strong>τῶν</strong></span> <span class='ocrx_word' id='word_1_546' title='bbox 779 1872 1007 1917; x_wconf 83' lang='grc' dir='ltr'><strong><em>δικαζόντων</em></strong></span> <span class='ocrx_word' id='word_1_547' title='bbox 1035 1877 1108 1908; x_wconf 87' lang='grc' dir='ltr'><strong><em>τοῖς</em></strong></span> <span class='ocrx_word' id='word_1_548' title='bbox 1131 1872 1290 1908; x_wconf 85' lang='grc' dir='ltr'><strong><em>δυνατω-</em></strong></span> 
     </span>
     <span class='ocr_line' id='line_1_69' title="bbox 213 1916 1291 1966; baseline -0.001 -13"><span class='ocrx_word' id='word_1_549' title='bbox 213 1924 326 1964; x_wconf 87' lang='grc' dir='ltr'><strong><em>τέροις</em></strong></span> <span class='ocrx_word' id='word_1_550' title='bbox 356 1917 492 1964; x_wconf 83' lang='grc' dir='ltr'><strong><em>μᾶλλον</em></strong></span> <span class='ocrx_word' id='word_1_551' title='bbox 523 1916 545 1962; x_wconf 81' lang='grc' dir='ltr'><em>ἢ</em></span> <span class='ocrx_word' id='word_1_552' title='bbox 574 1922 648 1954; x_wconf 86' lang='grc' dir='ltr'><strong><em>τοῖς</em></strong></span> <span class='ocrx_word' id='word_1_553' title='bbox 675 1917 720 1953; x_wconf 81' lang='grc' dir='ltr'><strong>τὰ</strong></span> <span class='ocrx_word' id='word_1_554' title='bbox 744 1917 950 1966; x_wconf 87' lang='grc' dir='ltr'><strong><em>δικαιότερα</em></strong></span> <span class='ocrx_word' id='word_1_555' title='bbox 973 1918 1202 1964; x_wconf 80' lang='grc' dir='ltr'><strong><em>βουλομένοις</em></strong></span> <span class='ocrx_word' id='word_1_556' title='bbox 1231 1922 1291 1953; x_wconf 83' lang='grc' dir='ltr'><strong>καὶ</strong></span> 
     </span>
     <span class='ocr_line' id='line_1_70' title="bbox 214 1961 1291 2011; baseline -0.001 -12"><span class='ocrx_word' id='word_1_557' title='bbox 214 1967 418 2011; x_wconf 82' lang='grc' dir='ltr'><strong><em>ἐπιχωρίοις</em></strong></span> <span class='ocrx_word' id='word_1_558' title='bbox 436 1966 694 2010; x_wconf 84' lang='grc' dir='ltr'><strong><em>χαριζομένων.</em></strong></span> <span class='ocrx_word' id='word_1_559' title='bbox 731 1961 811 1999; x_wconf 83' lang='grc' dir='ltr'><strong><em>ἀλλ’</em></strong></span> <span class='ocrx_word' id='word_1_560' title='bbox 829 1961 925 2009; x_wconf 74' lang='grc' dir='ltr'><strong><em>ὅμως</em></strong></span> <span class='ocrx_word' id='word_1_561' title='bbox 945 1965 1048 2010; x_wconf 83' lang='grc' dir='ltr'><strong><em>ἴσμεν</em></strong></span> <span class='ocrx_word' id='word_1_562' title='bbox 1071 1962 1114 1999; x_wconf 86' lang='grc' dir='ltr'><strong>τό</strong></span> <span class='ocrx_word' id='word_1_563' title='bbox 1137 1977 1177 2011; x_wconf 81' lang='grc' dir='ltr'><strong><em>γε</em></strong></span> <span class='ocrx_word' id='word_1_564' title='bbox 1196 1963 1291 1999; x_wconf 88' lang='grc' dir='ltr'><strong><em>πλεῖ-</em></strong></span> 
     </span>
     <span class='ocr_line' id='line_1_71' title="bbox 213 2007 1292 2065; baseline -0.002 -20"><span class='ocrx_word' id='word_1_565' title='bbox 213 2023 301 2045; x_wconf 84' lang='grc' dir='ltr'><strong><em>στον</em></strong></span> <span class='ocrx_word' id='word_1_566' title='bbox 332 2012 415 2044; x_wconf 79' lang='grc' dir='ltr'><strong>τῶν</strong></span> <span class='ocrx_word' id='word_1_567' title='bbox 440 2007 672 2054; x_wconf 82' lang='grc' dir='ltr'><strong><em>ἀδικημάτων</em></strong></span> <span class='ocrx_word' id='word_1_568' title='bbox 702 2009 995 2065; x_wconf 64' lang='grc' dir='ltr'><strong><em>θεραπεύσαντες</em></strong></span> <span class='ocrx_word' id='word_1_569' title='bbox 1020 2011 1065 2057; x_wconf 81' lang='grc' dir='ltr'><strong>τῇ</strong></span> <span class='ocrx_word' id='word_1_570' title='bbox 1089 2010 1292 2055; x_wconf 80' lang='grc' dir='ltr'><strong><em>νομοθεσίᾳ</em></strong></span> 
     </span>
    </p>
   </div>
   <div class='ocr_carea' id='block_1_26' title="bbox 1358 1873 2434 2055">
    <p class='ocr_par' dir='ltr' id='par_1_27' title="bbox 1358 1873 2434 2055">
     <span class='ocr_line' id='line_1_72' title="bbox 1358 1873 2434 1919; baseline 0 -9"><span class='ocrx_word' id='word_1_571' title='bbox 1358 1874 1573 1910; x_wconf 88' lang='lat' dir='ltr'><strong>tentioribus</strong></span> <span class='ocrx_word' id='word_1_572' title='bbox 1607 1874 1719 1918; x_wconf 85' lang='lat' dir='ltr'><strong>magis</strong></span> <span class='ocrx_word' id='word_1_573' title='bbox 1755 1884 1862 1919; x_wconf 88' lang='lat' dir='ltr'><strong>quam</strong></span> <span class='ocrx_word' id='word_1_574' title='bbox 1896 1873 2046 1910; x_wconf 86' lang='lat' dir='ltr'><strong>iustiora</strong></span> <span class='ocrx_word' id='word_1_575' title='bbox 2079 1873 2279 1910; x_wconf 84' lang='lat' dir='ltr'><strong>volentibus</strong></span> <span class='ocrx_word' id='word_1_576' title='bbox 2317 1876 2354 1910; x_wconf 87' lang='lat' dir='ltr'><strong>et</strong></span> <span class='ocrx_word' id='word_1_577' title='bbox 2388 1874 2434 1910; x_wconf 83' lang='lat' dir='ltr'><strong>ad</strong></span> 
     </span>
     <span class='ocr_line' id='line_1_73' title="bbox 1359 1918 2432 1965; baseline -0.001 -10"><span class='ocrx_word' id='word_1_578' title='bbox 1359 1919 1562 1965; x_wconf 83' lang='lat' dir='ltr'><strong>provincias</strong></span> <span class='ocrx_word' id='word_1_579' title='bbox 1592 1919 1815 1955; x_wconf 88' lang='lat' dir='ltr'><strong>venientibus</strong></span> <span class='ocrx_word' id='word_1_580' title='bbox 1843 1920 2037 1964; x_wconf 89' lang='lat' dir='ltr'><strong>praestent.</strong></span> <span class='ocrx_word' id='word_1_581' title='bbox 2085 1918 2156 1955; x_wconf 88' lang='lat' dir='ltr'><strong>Sed</strong></span> <span class='ocrx_word' id='word_1_582' title='bbox 2184 1920 2313 1954; x_wconf 88' lang='lat' dir='ltr'><strong>tamen·</strong></span> <span class='ocrx_word' id='word_1_583' title='bbox 2333 1919 2432 1955; x_wconf 85' lang='lat' dir='ltr'><strong>novi-</strong></span> 
     </span>
     <span class='ocr_line' id='line_1_74' title="bbox 1360 1963 2432 2010; baseline 0.001 -10"><span class='ocrx_word' id='word_1_584' title='bbox 1360 1975 1438 2000; x_wconf 88' lang='lat' dir='ltr'><strong>mus</strong></span> <span class='ocrx_word' id='word_1_585' title='bbox 1458 1964 1610 2010; x_wconf 87' lang='lat' dir='ltr'><strong>plurima</strong></span> <span class='ocrx_word' id='word_1_586' title='bbox 1627 1964 1882 2000; x_wconf 85' lang='lat' dir='ltr'><strong>iniustitiamm</strong></span> <span class='ocrx_word' id='word_1_587' title='bbox 1902 1967 2027 2000; x_wconf 90' lang='lat' dir='ltr'><strong>curata</strong></span> <span class='ocrx_word' id='word_1_588' title='bbox 2047 1964 2093 2000; x_wconf 87' lang='lat' dir='ltr'><strong>ab</strong></span> <span class='ocrx_word' id='word_1_589' title='bbox 2111 1963 2182 2000; x_wconf 87' lang='lat' dir='ltr'><strong>hac</strong></span> <span class='ocrx_word' id='word_1_590' title='bbox 2200 1963 2432 2009; x_wconf 82' lang='lat' dir='ltr'><strong>legislatione,</strong></span> 
     </span>
     <span class='ocr_line' id='line_1_75' title="bbox 1360 2009 2433 2055; baseline 0.001 -10"><span class='ocrx_word' id='word_1_591' title='bbox 1360 2010 1471 2055; x_wconf 85' lang='lat' dir='ltr'><strong>magis</strong></span> <span class='ocrx_word' id='word_1_592' title='bbox 1495 2014 1626 2053; x_wconf 84' lang='lat' dir='ltr'><strong>autem,</strong></span> <span class='ocrx_word' id='word_1_593' title='bbox 1651 2013 1820 2055; x_wconf 85' lang='lat' dir='ltr'><strong>quantum</strong></span> <span class='ocrx_word' id='word_1_594' title='bbox 1834 2009 1891 2046; x_wconf 74' lang='lat' dir='ltr'><strong>vad</strong></span> <span class='ocrx_word' id='word_1_595' title='bbox 1914 2020 1979 2046; x_wconf 90' lang='lat' dir='ltr'><strong>nos</strong></span> <span class='ocrx_word' id='word_1_596' title='bbox 2002 2012 2068 2054; x_wconf 90' lang='lat' dir='ltr'><strong>est,</strong></span> <span class='ocrx_word' id='word_1_597' title='bbox 2100 2010 2216 2046; x_wconf 85' lang='lat' dir='ltr'><strong>totum</strong></span> <span class='ocrx_word' id='word_1_598' title='bbox 2239 2009 2308 2045; x_wconf 86' lang='lat' dir='ltr'><strong>erit</strong></span> <span class='ocrx_word' id='word_1_599' title='bbox 2329 2019 2433 2046; x_wconf 83' lang='lat' dir='ltr'><strong>sana-</strong></span> 
     </span>
    </p>
   </div>
   <div class='ocr_carea' id='block_1_27' title="bbox 212 2053 1349 2102">
    <p class='ocr_par' dir='ltr' id='par_1_28' title="bbox 212 2053 1349 2102">
     <span class='ocr_line' id='line_1_76' title="bbox 212 2053 1349 2102; baseline 0 -12"><span class='ocrx_word' id='word_1_600' title='bbox 212 2055 338 2102; x_wconf 84' lang='grc' dir='ltr'><strong><em>ταύτῃ,</em></strong></span> <span class='ocrx_word' id='word_1_601' title='bbox 358 2054 495 2100; x_wconf 81' lang='grc' dir='ltr'><strong><em>μᾶλλον</em></strong></span> <span class='ocrx_word' id='word_1_602' title='bbox 514 2053 555 2089; x_wconf 71' lang='grc' dir='ltr'><strong><em>δὲ</em></strong></span> <span class='ocrx_word' id='word_1_603' title='bbox 573 2054 615 2090; x_wconf 88' lang='grc' dir='ltr'><strong>τό</strong></span> <span class='ocrx_word' id='word_1_604' title='bbox 630 2068 672 2101; x_wconf 81' lang='grc' dir='ltr'><strong>γε</strong></span> <span class='ocrx_word' id='word_1_605' title='bbox 688 2057 732 2100; x_wconf 80' lang='grc' dir='ltr'><strong>ἐφ</strong></span> <span class='ocrx_word' id='word_1_606' title='bbox 765 2058 850 2100; x_wconf 89' lang='grc' dir='ltr'><strong><em>ημῖν</em></strong></span> <span class='ocrx_word' id='word_1_607' title='bbox 864 2069 907 2090; x_wconf 90' lang='grc' dir='ltr'><strong>το</strong></span> <span class='ocrx_word' id='word_1_608' title='bbox 927 2056 1002 2091; x_wconf 84' lang='grc' dir='ltr'><strong>πᾶν</strong></span> <span class='ocrx_word' id='word_1_609' title='bbox 1017 2059 1121 2090; x_wconf 77' lang='grc' dir='ltr'><strong><em>ἔσται</em></strong></span> <span class='ocrx_word' id='word_1_610' title='bbox 1140 2055 1291 2102; x_wconf 83' lang='grc' dir='ltr'><strong><em>τεθερα-</em></strong></span> <span class='ocrx_word' id='word_1_611' title='bbox 1305 2057 1349 2090; x_wconf 81' lang='grc'><strong>40</strong></span> 
     </span>
    </p>
   </div>
   <div class='ocr_carea' id='block_1_28' title="bbox 210 2144 2437 2960">
    <p class='ocr_par' dir='ltr' id='par_1_29' title="bbox 210 2144 2437 2960">
     <span class='ocr_line' id='line_1_77' title="bbox 210 2144 2435 2193; baseline 0 -11"><span class='ocrx_word' id='word_1_612' title='bbox 210 2148 374 2193; x_wconf 82' lang='lat' dir='ltr'><strong>finiatur,</strong></span> <span class='ocrx_word' id='word_1_613' title='bbox 407 2157 533 2182; x_wconf 89' lang='lat' dir='ltr'><strong>novem</strong></span> <span class='ocrx_word' id='word_1_614' title='bbox 555 2147 728 2182; x_wconf 81' lang='lat' dir='ltr'><strong>meusium</strong></span> <span class='ocrx_word' id='word_1_615' title='bbox 752 2146 921 2181; x_wconf 78' lang='lat' dir='ltr'><strong>dicimus:</strong></span> <span class='ocrx_word' id='word_1_616' title='bbox 955 2150 996 2181; x_wconf 88' lang='lat' dir='ltr'><strong>ut</strong></span> <span class='ocrx_word' id='word_1_617' title='bbox 1024 2145 1096 2187; x_wconf 89' lang='lat' dir='ltr'><strong>ille,</strong></span> <span class='ocrx_word' id='word_1_618' title='bbox 1127 2146 1160 2181; x_wconf 88' lang='lat' dir='ltr'><strong>si</strong></span> <span class='ocrx_word' id='word_1_619' title='bbox 1183 2144 1326 2191; x_wconf 83' lang='lat' dir='ltr'><strong>quidem</strong></span> <span class='ocrx_word' id='word_1_620' title='bbox 1357 2145 1428 2192; x_wconf 86' lang='lat' dir='ltr'><strong>ipsi</strong></span> <span class='ocrx_word' id='word_1_621' title='bbox 1458 2146 1521 2192; x_wconf 86' lang='lat' dir='ltr'><strong>qui</strong></span> <span class='ocrx_word' id='word_1_622' title='bbox 1552 2147 1731 2182; x_wconf 73' lang='lat' dir='ltr'><strong>numiam&#39;t</strong></span> <span class='ocrx_word' id='word_1_623' title='bbox 1764 2145 1924 2190; x_wconf 82' lang='lat' dir='ltr'><strong>confidit,</strong></span> <span class='ocrx_word' id='word_1_624' title='bbox 1959 2144 2053 2180; x_wconf 73' lang='lat' dir='ltr'><strong>lianc</strong></span> <span class='ocrx_word' id='word_1_625' title='bbox 2076 2144 2173 2180; x_wconf 88' lang='lat' dir='ltr'><strong>litem</strong></span> <span class='ocrx_word' id='word_1_626' title='bbox 2203 2144 2258 2180; x_wconf 87' lang='lat' dir='ltr'><strong>illi</strong></span> <span class='ocrx_word' id='word_1_627' title='bbox 2280 2144 2435 2188; x_wconf 82' lang='lat' dir='ltr'><strong>mandet,</strong></span> 
     </span>
     <span class='ocr_line' id='line_1_78' title="bbox 212 2190 2436 2243; baseline -0 -15"><span class='ocrx_word' id='word_1_628' title='bbox 212 2193 269 2228; x_wconf 90' lang='lat' dir='ltr'><strong>sin</strong></span> <span class='ocrx_word' id='word_1_629' title='bbox 299 2202 384 2228; x_wconf 87' lang='lat' dir='ltr'><strong>vero</strong></span> <span class='ocrx_word' id='word_1_630' title='bbox 416 2191 573 2227; x_wconf 87' lang='lat' dir='ltr'><strong>alienam</strong></span> <span class='ocrx_word' id='word_1_631' title='bbox 604 2191 648 2227; x_wconf 86' lang='lat' dir='ltr'><strong>de</strong></span> <span class='ocrx_word' id='word_1_632' title='bbox 678 2201 721 2227; x_wconf 90' lang='lat' dir='ltr'><strong>eo</strong></span> <span class='ocrx_word' id='word_1_633' title='bbox 752 2191 965 2227; x_wconf 87' lang='lat' dir='ltr'><strong>sententiam</strong></span> <span class='ocrx_word' id='word_1_634' title='bbox 988 2190 1112 2233; x_wconf 73' lang='lat' dir='ltr'><strong>habet,</strong></span> <span class='ocrx_word' id='word_1_635' title='bbox 1144 2190 1300 2226; x_wconf 86' lang='lat' dir='ltr'><strong>alterum</strong></span> <span class='ocrx_word' id='word_1_636' title='bbox 1323 2194 1419 2226; x_wconf 84' lang='lat' dir='ltr'><strong>certe</strong></span> <span class='ocrx_word' id='word_1_637' title='bbox 1442 2191 1560 2227; x_wconf 88' lang='lat' dir='ltr'><strong>mittat</strong></span> <span class='ocrx_word' id='word_1_638' title='bbox 1584 2191 1647 2243; x_wconf 86' lang='lat' dir='ltr'><strong>qui</strong></span> <span class='ocrx_word' id='word_1_639' title='bbox 1670 2191 1833 2227; x_wconf 85' lang='lat' dir='ltr'><strong>omnibus</strong></span> <span class='ocrx_word' id='word_1_640' title='bbox 1858 2190 1976 2226; x_wconf 85' lang='lat' dir='ltr'><strong>modis</strong></span> <span class='ocrx_word' id='word_1_641' title='bbox 1997 2191 2174 2225; x_wconf 79' lang='lat' dir='ltr'><strong>actionem</strong></span> <span class='ocrx_word' id='word_1_642' title='bbox 2196 2190 2293 2225; x_wconf 84' lang='lat' dir='ltr'><strong>susci</strong></span> <span class='ocrx_word' id='word_1_643' title='bbox 2318 2190 2372 2226; x_wconf 85' lang='lat' dir='ltr'><strong>iat</strong></span> <span class='ocrx_word' id='word_1_644' title='bbox 2400 2196 2436 2227; x_wconf 88' lang='lat' dir='ltr'><strong>et</strong></span> 
     </span>
     <span class='ocr_line' id='line_1_79' title="bbox 213 2233 2436 2283; baseline -0.001 -9"><span class='ocrx_word' id='word_1_645' title='bbox 213 2238 360 2274; x_wconf 89' lang='lat' dir='ltr'><strong>omnino</strong></span> <span class='ocrx_word' id='word_1_646' title='bbox 392 2236 591 2272; x_wconf 87' lang='lat' dir='ltr'><strong>iudicatum</strong></span> <span class='ocrx_word' id='word_1_647' title='bbox 620 2236 757 2280; x_wconf 86' lang='lat' dir='ltr'><strong>solvat,</strong></span> <span class='ocrx_word' id='word_1_648' title='bbox 791 2236 863 2272; x_wconf 86' lang='lat' dir='ltr'><strong>nisi</strong></span> <span class='ocrx_word' id='word_1_649' title='bbox 890 2235 1089 2283; x_wconf 81' lang='lat' dir='ltr'><strong>appellatio</strong></span> <span class='ocrx_word' id='word_1_650' title='bbox 1112 2239 1235 2271; x_wconf 87' lang='lat' dir='ltr'><strong>secuta</strong></span> <span class='ocrx_word' id='word_1_651' title='bbox 1258 2235 1324 2278; x_wconf 85' lang='lat' dir='ltr'><strong>sit,</strong></span> <span class='ocrx_word' id='word_1_652' title='bbox 1356 2236 1431 2272; x_wconf 87' lang='lat' dir='ltr'><strong>sive</strong></span> <span class='ocrx_word' id='word_1_653' title='bbox 1460 2236 1499 2271; x_wconf 91' lang='lat' dir='ltr'><strong>in</strong></span> <span class='ocrx_word' id='word_1_654' title='bbox 1522 2247 1660 2273; x_wconf 78' lang='lat' dir='ltr'><strong>maiore</strong></span> <span class='ocrx_word' id='word_1_655' title='bbox 1687 2236 1762 2273; x_wconf 85' lang='lat' dir='ltr'><strong>sive</strong></span> <span class='ocrx_word' id='word_1_656' title='bbox 1792 2236 1831 2271; x_wconf 85' lang='lat' dir='ltr'><strong>in</strong></span> <span class='ocrx_word' id='word_1_657' title='bbox 1855 2236 1993 2272; x_wconf 89' lang='lat' dir='ltr'><strong>minore</strong></span> <span class='ocrx_word' id='word_1_658' title='bbox 2016 2245 2136 2271; x_wconf 85' lang='lat' dir='ltr'><strong>causa.</strong></span> <span class='ocrx_word' id='word_1_659' title='bbox 2183 2233 2238 2278; x_wconf 81' lang='lat' dir='ltr'><strong>Qu</strong></span> <span class='ocrx_word' id='word_1_660' title='bbox 2313 2235 2321 2242; x_wconf 85' lang='lat'><strong>‘</strong></span> <span class='ocrx_word' id='word_1_661' title='bbox 2343 2235 2436 2272; x_wconf 80' lang='lat' dir='ltr'><strong>alter</strong></span> 
     </span>
     <span class='ocr_line' id='line_1_80' title="bbox 213 2280 2436 2330; baseline -0.002 -11"><span class='ocrx_word' id='word_1_662' title='bbox 213 2282 355 2330; x_wconf 87' lang='lat' dir='ltr'><strong>quidem</strong></span> <span class='ocrx_word' id='word_1_663' title='bbox 378 2282 614 2325; x_wconf 78' lang='lat' dir='ltr'><strong>nuntiaverit,</strong></span> <span class='ocrx_word' id='word_1_664' title='bbox 647 2282 741 2318; x_wconf 85' lang='lat' dir='ltr'><strong>alter</strong></span> <span class='ocrx_word' id='word_1_665' title='bbox 763 2285 883 2318; x_wconf 88' lang='lat' dir='ltr'><strong>autem</strong></span> <span class='ocrx_word' id='word_1_666' title='bbox 901 2292 975 2317; x_wconf 89' lang='lat' dir='ltr'><strong>non</strong></span> <span class='ocrx_word' id='word_1_667' title='bbox 997 2281 1235 2325; x_wconf 80' lang='lat' dir='ltr'><strong>mandaverit,</strong></span> <span class='ocrx_word' id='word_1_668' title='bbox 1266 2286 1302 2316; x_wconf 90' lang='lat' dir='ltr'><strong>et</strong></span> <span class='ocrx_word' id='word_1_669' title='bbox 1325 2285 1464 2328; x_wconf 88' lang='lat' dir='ltr'><strong>tempus</strong></span> <span class='ocrx_word' id='word_1_670' title='bbox 1487 2282 1719 2317; x_wconf 86' lang='lat' dir='ltr'><strong>constitutum</strong></span> <span class='ocrx_word' id='word_1_671' title='bbox 1745 2281 1940 2323; x_wconf 83' lang='lat' dir='ltr'><strong>transierit,</strong></span> <span class='ocrx_word' id='word_1_672' title='bbox 1972 2280 2086 2316; x_wconf 81' lang='lat' dir='ltr'><strong>iudex</strong></span> <span class='ocrx_word' id='word_1_673' title='bbox 2108 2290 2241 2322; x_wconf 77' lang='lat' dir='ltr'><strong>causae</strong></span> <span class='ocrx_word' id='word_1_674' title='bbox 2262 2290 2342 2316; x_wconf 80' lang='lat' dir='ltr'><strong>eum</strong></span> <span class='ocrx_word' id='word_1_675' title='bbox 2373 2281 2436 2328; x_wconf 81' lang='lat' dir='ltr'><strong>qui</strong></span> 
     </span>
     <span class='ocr_line' id='line_1_81' title="bbox 213 2324 2434 2374; baseline -0.001 -9"><span class='ocrx_word' id='word_1_676' title='bbox 213 2333 409 2372; x_wconf 67' lang='lat' dir='ltr'><strong>concentus</strong></span> <span class='ocrx_word' id='word_1_677' title='bbox 432 2332 486 2364; x_wconf 87' lang='lat' dir='ltr'><strong>est</strong></span> <span class='ocrx_word' id='word_1_678' title='bbox 506 2333 687 2374; x_wconf 83' lang='lat' dir='ltr'><strong>tamquam</strong></span> <span class='ocrx_word' id='word_1_679' title='bbox 712 2327 869 2374; x_wconf 80' lang='lat' dir='ltr'><strong>leqitime</strong></span> <span class='ocrx_word' id='word_1_680' title='bbox 890 2327 997 2363; x_wconf 90' lang='lat' dir='ltr'><strong>etiam</strong></span> <span class='ocrx_word' id='word_1_681' title='bbox 1015 2338 1091 2374; x_wconf 86' lang='lat' dir='ltr'><strong>pro</strong></span> <span class='ocrx_word' id='word_1_682' title='bbox 1102 2337 1266 2374; x_wconf 86' lang='lat' dir='ltr'><strong>persona</strong></span> <span class='ocrx_word' id='word_1_683' title='bbox 1290 2326 1436 2363; x_wconf 89' lang='lat' dir='ltr'><strong>absente</strong></span> <span class='ocrx_word' id='word_1_684' title='bbox 1455 2331 1621 2362; x_wconf 87' lang='lat' dir='ltr'><strong>acturum</strong></span> <span class='ocrx_word' id='word_1_685' title='bbox 1639 2327 1803 2373; x_wconf 77' lang='lat' dir='ltr'><strong>quamvis</strong></span> <span class='ocrx_word' id='word_1_686' title='bbox 1823 2326 1970 2362; x_wconf 83' lang='lat' dir='ltr'><strong>invitum</strong></span> <span class='ocrx_word' id='word_1_687' title='bbox 1985 2325 2147 2372; x_wconf 85' lang='lat' dir='ltr'><strong>proprio</strong></span> <span class='ocrx_word' id='word_1_688' title='bbox 2166 2324 2300 2360; x_wconf 84' lang='lat' dir='ltr'><strong>iudicio</strong></span> <span class='ocrx_word' id='word_1_689' title='bbox 2318 2325 2434 2368; x_wconf 87' lang='lat' dir='ltr'><strong>sistat,</strong></span> 
     </span>
     <span class='ocr_line' id='line_1_82' title="bbox 212 2370 2435 2427; baseline -0.002 -17"><span class='ocrx_word' id='word_1_690' title='bbox 212 2379 322 2427; x_wconf 84' lang='lat' dir='ltr'><strong>atque</strong></span> <span class='ocrx_word' id='word_1_691' title='bbox 345 2385 457 2409; x_wconf 88' lang='lat' dir='ltr'><strong>causa</strong></span> <span class='ocrx_word' id='word_1_692' title='bbox 480 2373 692 2409; x_wconf 78' lang='lat' dir='ltr'><strong>examinata</strong></span> <span class='ocrx_word' id='word_1_693' title='bbox 714 2376 905 2419; x_wconf 81' lang='lat' dir='ltr'><strong>praesente</strong></span> <span class='ocrx_word' id='word_1_694' title='bbox 928 2383 971 2408; x_wconf 90' lang='lat' dir='ltr'><strong>eo</strong></span> <span class='ocrx_word' id='word_1_695' title='bbox 996 2373 1059 2418; x_wconf 86' lang='lat' dir='ltr'><strong>qui</strong></span> <span class='ocrx_word' id='word_1_696' title='bbox 1083 2373 1261 2408; x_wconf 90' lang='lat' dir='ltr'><strong>actionem</strong></span> <span class='ocrx_word' id='word_1_697' title='bbox 1282 2373 1436 2408; x_wconf 83' lang='lat' dir='ltr'><strong>sustinet</strong></span> <span class='ocrx_word' id='word_1_698' title='bbox 1457 2377 1493 2408; x_wconf 91' lang='lat' dir='ltr'><strong>et</strong></span> <span class='ocrx_word' id='word_1_699' title='bbox 1515 2373 1633 2419; x_wconf 89' lang='lat' dir='ltr'><strong>ipsum</strong></span> <span class='ocrx_word' id='word_1_700' title='bbox 1657 2372 1876 2414; x_wconf 88' lang='lat' dir='ltr'><strong>condemnet,</strong></span> <span class='ocrx_word' id='word_1_701' title='bbox 1899 2372 1931 2407; x_wconf 91' lang='lat' dir='ltr'><strong>si</strong></span> <span class='ocrx_word' id='word_1_702' title='bbox 1950 2370 2093 2418; x_wconf 84' lang='lat' dir='ltr'><strong>quidem</strong></span> <span class='ocrx_word' id='word_1_703' title='bbox 2116 2370 2252 2407; x_wconf 78' lang='lat' dir='ltr'><strong>noxius</strong></span> <span class='ocrx_word' id='word_1_704' title='bbox 2273 2381 2435 2424; x_wconf 77' lang='lat' dir='ltr'><strong>apparu-</strong></span> 
     </span>
     <span class='ocr_line' id='line_1_83' title="bbox 212 2415 2435 2465; baseline -0.001 -10"><span class='ocrx_word' id='word_1_705' title='bbox 212 2423 293 2462; x_wconf 75' lang='lat' dir='ltr'><strong>erit,</strong></span> <span class='ocrx_word' id='word_1_706' title='bbox 325 2423 360 2455; x_wconf 88' lang='lat' dir='ltr'><strong>et</strong></span> <span class='ocrx_word' id='word_1_707' title='bbox 381 2420 530 2465; x_wconf 79' lang='lat' dir='ltr'><strong>insuper</strong></span> <span class='ocrx_word' id='word_1_708' title='bbox 559 2418 659 2453; x_wconf 89' lang='lat' dir='ltr'><strong>illum</strong></span> <span class='ocrx_word' id='word_1_709' title='bbox 691 2418 754 2464; x_wconf 86' lang='lat' dir='ltr'><strong>qui</strong></span> <span class='ocrx_word' id='word_1_710' title='bbox 785 2421 874 2465; x_wconf 83' lang='lat' dir='ltr'><strong>post</strong></span> <span class='ocrx_word' id='word_1_711' title='bbox 905 2418 1082 2454; x_wconf 86' lang='lat' dir='ltr'><strong>eiusmodi</strong></span> <span class='ocrx_word' id='word_1_712' title='bbox 1111 2417 1392 2453; x_wconf 82' lang='lat' dir='ltr'><strong>admonitionem</strong></span> <span class='ocrx_word' id='word_1_713' title='bbox 1421 2418 1461 2452; x_wconf 90' lang='lat' dir='ltr'><strong>in</strong></span> <span class='ocrx_word' id='word_1_714' title='bbox 1485 2418 1716 2464; x_wconf 86' lang='lat' dir='ltr'><strong>provinciam</strong></span> <span class='ocrx_word' id='word_1_715' title='bbox 1746 2417 1903 2464; x_wconf 83' lang='lat' dir='ltr'><strong>aliquem</strong></span> <span class='ocrx_word' id='word_1_716' title='bbox 1932 2416 2072 2452; x_wconf 88' lang='lat' dir='ltr'><strong>mittere</strong></span> <span class='ocrx_word' id='word_1_717' title='bbox 2098 2415 2232 2459; x_wconf 88' lang='lat' dir='ltr'><strong>noluit,</strong></span> <span class='ocrx_word' id='word_1_718' title='bbox 2269 2426 2302 2451; x_wconf 74' lang='lat' dir='ltr'><strong>st</strong></span> <span class='ocrx_word' id='word_1_719' title='bbox 2329 2415 2435 2452; x_wconf 83' lang='lat' dir='ltr'><strong>modo</strong></span> 
     </span>
     <span class='ocr_line' id='line_1_84' title="bbox 214 2461 2437 2513; baseline -0 -14"><span class='ocrx_word' id='word_1_720' title='bbox 214 2465 359 2499; x_wconf 88' lang='lat' dir='ltr'><strong>omnino</strong></span> <span class='ocrx_word' id='word_1_721' title='bbox 392 2465 528 2500; x_wconf 75' lang='lat' dir='ltr'><strong>noxius</strong></span> <span class='ocrx_word' id='word_1_722' title='bbox 557 2463 784 2511; x_wconf 85' lang='lat' dir='ltr'><strong>apparuerit.</strong></span> <span class='ocrx_word' id='word_1_723' title='bbox 830 2464 950 2510; x_wconf 82' lang='lat' dir='ltr'><strong>Atque</strong></span> <span class='ocrx_word' id='word_1_724' title='bbox 980 2474 1065 2499; x_wconf 90' lang='lat' dir='ltr'><strong>reus</strong></span> <span class='ocrx_word' id='word_1_725' title='bbox 1098 2464 1132 2498; x_wconf 87' lang='lat' dir='ltr'><strong>si</strong></span> <span class='ocrx_word' id='word_1_726' title='bbox 1153 2462 1316 2509; x_wconf 81' lang='lat' dir='ltr'><strong>locuples</strong></span> <span class='ocrx_word' id='word_1_727' title='bbox 1338 2463 1405 2506; x_wconf 88' lang='lat' dir='ltr'><strong>sit,</strong></span> <span class='ocrx_word' id='word_1_728' title='bbox 1440 2463 1519 2510; x_wconf 87' lang='lat' dir='ltr'><strong>ipse</strong></span> <span class='ocrx_word' id='word_1_729' title='bbox 1548 2463 1667 2499; x_wconf 83' lang='lat' dir='ltr'><strong>solvat</strong></span> <span class='ocrx_word' id='word_1_730' title='bbox 1694 2462 1911 2505; x_wconf 79' lang='lat' dir='ltr'><strong>iudicatum,</strong></span> <span class='ocrx_word' id='word_1_731' title='bbox 1944 2462 2002 2497; x_wconf 88' lang='lat' dir='ltr'><strong>sin</strong></span> <span class='ocrx_word' id='word_1_732' title='bbox 2025 2465 2144 2497; x_wconf 87' lang='lat' dir='ltr'><strong>autem</strong></span> <span class='ocrx_word' id='word_1_733' title='bbox 2166 2461 2275 2513; x_wconf 71' lang='lat' dir='ltr'><strong>inops</strong></span> <span class='ocrx_word' id='word_1_734' title='bbox 2301 2461 2351 2497; x_wconf 85' lang='lat' dir='ltr'><strong>sit</strong></span> <span class='ocrx_word' id='word_1_735' title='bbox 2371 2472 2437 2498; x_wconf 81' lang='lat' dir='ltr'><strong>nec</strong></span> 
     </span>
     <span class='ocr_line' id='line_1_85' title="bbox 213 2507 2368 2555; baseline -0.002 -9"><span class='ocrx_word' id='word_1_736' title='bbox 213 2510 373 2546; x_wconf 79' lang='lat' dir='ltr'><strong>iudicato</strong></span> <span class='ocrx_word' id='word_1_737' title='bbox 397 2510 497 2544; x_wconf 87' lang='lat' dir='ltr'><strong>omni</strong></span> <span class='ocrx_word' id='word_1_738' title='bbox 518 2520 567 2544; x_wconf 80' lang='lat' dir='ltr'><strong>ex</strong></span> <span class='ocrx_word' id='word_1_739' title='bbox 589 2514 697 2555; x_wconf 86' lang='lat' dir='ltr'><strong>parte</strong></span> <span class='ocrx_word' id='word_1_740' title='bbox 719 2509 810 2544; x_wconf 85' lang='lat' dir='ltr'><strong>satis</strong></span> <span class='ocrx_word' id='word_1_741' title='bbox 853 2509 962 2551; x_wconf 84' lang='lat' dir='ltr'><strong>aciat,</strong></span> <span class='ocrx_word' id='word_1_742' title='bbox 987 2512 1061 2543; x_wconf 81' lang='lat' dir='ltr'><strong>tum</strong></span> <span class='ocrx_word' id='word_1_743' title='bbox 1083 2508 1192 2544; x_wconf 86' lang='lat' dir='ltr'><strong>etiam</strong></span> <span class='ocrx_word' id='word_1_744' title='bbox 1215 2518 1265 2544; x_wconf 80' lang='lat' dir='ltr'><strong>ex</strong></span> <span class='ocrx_word' id='word_1_745' title='bbox 1289 2507 1446 2544; x_wconf 85' lang='lat' dir='ltr'><strong>absentis</strong></span> <span class='ocrx_word' id='word_1_746' title='bbox 1468 2508 1575 2543; x_wconf 88' lang='lat' dir='ltr'><strong>rebus</strong></span> <span class='ocrx_word' id='word_1_747' title='bbox 1599 2508 1727 2544; x_wconf 85' lang='lat' dir='ltr'><strong>victori</strong></span> <span class='ocrx_word' id='word_1_748' title='bbox 1750 2508 1919 2543; x_wconf 86' lang='lat' dir='ltr'><strong>damnum</strong></span> <span class='ocrx_word' id='word_1_749' title='bbox 1942 2518 1986 2542; x_wconf 83' lang='lat' dir='ltr'><strong>ea</strong></span> <span class='ocrx_word' id='word_1_750' title='bbox 2009 2507 2047 2542; x_wconf 87' lang='lat' dir='ltr'><strong>in</strong></span> <span class='ocrx_word' id='word_1_751' title='bbox 2071 2517 2111 2542; x_wconf 88' lang='lat' dir='ltr'><strong>re</strong></span> <span class='ocrx_word' id='word_1_752' title='bbox 2136 2511 2368 2542; x_wconf 67' lang='lat' dir='ltr'><strong>resarciatur.</strong></span> 
     </span>
     <span class='ocr_line' id='line_1_86' title="bbox 347 2551 2437 2632; baseline -0.001 -42"><span class='ocrx_word' id='word_1_753' title='bbox 347 2555 412 2590; x_wconf 91' lang='grc' dir='ltr'><strong>ΠΙ.</strong></span> <span class='ocrx_word' id='word_1_754' title='bbox 462 2553 504 2589; x_wconf 90' lang='lat' dir='ltr'><strong>Si</strong></span> <span class='ocrx_word' id='word_1_755' title='bbox 519 2565 602 2590; x_wconf 86' lang='lat' dir='ltr'><strong>vero</strong></span> <span class='ocrx_word' id='word_1_756' title='bbox 627 2565 673 2589; x_wconf 91' lang='lat' dir='ltr'><strong>ne</strong></span> <span class='ocrx_word' id='word_1_757' title='bbox 695 2555 728 2588; x_wconf 85' lang='lat' dir='ltr'><strong>is</strong></span> <span class='ocrx_word' id='word_1_758' title='bbox 744 2554 810 2600; x_wconf 86' lang='lat' dir='ltr'><strong>qui</strong></span> <span class='ocrx_word' id='word_1_759' title='bbox 834 2565 888 2589; x_wconf 89' lang='lat' dir='ltr'><strong>em</strong></span> <span class='ocrx_word' id='word_1_760' title='bbox 912 2558 1123 2601; x_wconf 82' lang='lat' dir='ltr'><strong>compareat</strong></span> <span class='ocrx_word' id='word_1_761' title='bbox 1146 2554 1211 2599; x_wconf 87' lang='lat' dir='ltr'><strong>qui</strong></span> <span class='ocrx_word' id='word_1_762' title='bbox 1231 2552 1413 2588; x_wconf 85' lang='lat' dir='ltr'><strong>dominum</strong></span> <span class='ocrx_word' id='word_1_763' title='bbox 1437 2553 1512 2589; x_wconf 85' lang='lat' dir='ltr'><strong>litis</strong></span> <span class='ocrx_word' id='word_1_764' title='bbox 1535 2553 1592 2589; x_wconf 85' lang='lat' dir='ltr'><strong>vel</strong></span> <span class='ocrx_word' id='word_1_765' title='bbox 1612 2564 1692 2589; x_wconf 90' lang='lat' dir='ltr'><strong>eum</strong></span> <span class='ocrx_word' id='word_1_766' title='bbox 1711 2554 1777 2599; x_wconf 89' lang='lat' dir='ltr'><strong>qui</strong></span> <span class='ocrx_word' id='word_1_767' title='bbox 1789 2563 1866 2601; x_wconf 86' lang='lat' dir='ltr'><strong>pro</strong></span> <span class='ocrx_word' id='word_1_768' title='bbox 1885 2552 2008 2588; x_wconf 88' lang='lat' dir='ltr'><strong>eodem</strong></span> <span class='ocrx_word' id='word_1_769' title='bbox 2026 2551 2182 2632; x_wconf 55' lang='lat' dir='ltr'><strong>‘Ziqmm‘</strong></span> <span class='ocrx_word' id='word_1_770' title='bbox 2203 2555 2295 2598; x_wconf 77' lang='lat' dir='ltr'><strong>aqut</strong></span> <span class='ocrx_word' id='word_1_771' title='bbox 2310 2551 2437 2588; x_wconf 75' lang='lat' dir='ltr'><strong>sistere</strong></span> 
     </span>
     <span class='ocr_line' id='line_1_87' title="bbox 213 2595 2435 2650; baseline -0.001 -14"><span class='ocrx_word' id='word_1_772' title='bbox 213 2603 333 2636; x_wconf 73' lang='lat' dir='ltr'><strong>iussus</strong></span> <span class='ocrx_word' id='word_1_773' title='bbox 356 2605 426 2642; x_wconf 85' lang='lat' dir='ltr'><strong>est,</strong></span> <span class='ocrx_word' id='word_1_774' title='bbox 459 2604 532 2634; x_wconf 86' lang='lat' dir='ltr'><strong>tum</strong></span> <span class='ocrx_word' id='word_1_775' title='bbox 562 2604 708 2635; x_wconf 87' lang='lat' dir='ltr'><strong>vocetur</strong></span> <span class='ocrx_word' id='word_1_776' title='bbox 739 2599 881 2644; x_wconf 83' lang='lat' dir='ltr'><strong>quidem</strong></span> <span class='ocrx_word' id='word_1_777' title='bbox 906 2599 997 2645; x_wconf 82' lang='lat' dir='ltr'><strong>leqis</strong></span> <span class='ocrx_word' id='word_1_778' title='bbox 1020 2609 1123 2640; x_wconf 85' lang='lat' dir='ltr'><strong>voce,</strong></span> <span class='ocrx_word' id='word_1_779' title='bbox 1184 2598 1291 2634; x_wconf 83' lang='lat' dir='ltr'><strong>uodsi</strong></span> <span class='ocrx_word' id='word_1_780' title='bbox 1321 2609 1396 2633; x_wconf 88' lang='lat' dir='ltr'><strong>non</strong></span> <span class='ocrx_word' id='word_1_781' title='bbox 1427 2598 1606 2641; x_wconf 78' lang='lat' dir='ltr'><strong>oboediat,</strong></span> <span class='ocrx_word' id='word_1_782' title='bbox 1638 2598 1767 2634; x_wconf 84' lang='lat' dir='ltr'><strong>absens</strong></span> <span class='ocrx_word' id='word_1_783' title='bbox 1792 2608 1937 2650; x_wconf 86' lang='lat' dir='ltr'><strong>quoque</strong></span> <span class='ocrx_word' id='word_1_784' title='bbox 1964 2607 2033 2632; x_wconf 86' lang='lat' dir='ltr'><strong>con</strong></span> <span class='ocrx_word' id='word_1_785' title='bbox 2059 2599 2222 2633; x_wconf 84' lang='lat' dir='ltr'><strong>emnetur</strong></span> <span class='ocrx_word' id='word_1_786' title='bbox 2242 2595 2435 2633; x_wconf 80' lang='lat' dir='ltr'><strong>secundum</strong></span> 
     </span>
     <span class='ocr_line' id='line_1_88' title="bbox 213 2609 2436 2691; baseline -0.002 -10"><span class='ocrx_word' id='word_1_787' title='bbox 213 2647 373 2691; x_wconf 84' lang='lat' dir='ltr'><strong>formam</strong></span> <span class='ocrx_word' id='word_1_788' title='bbox 404 2644 700 2680; x_wconf 87' lang='lat' dir='ltr'><strong>eremodiciorum</strong></span> <span class='ocrx_word' id='word_1_789' title='bbox 732 2654 825 2690; x_wconf 88' lang='lat' dir='ltr'><strong>quae</strong></span> <span class='ocrx_word' id='word_1_790' title='bbox 856 2644 1100 2691; x_wconf 80' lang='lat' dir='ltr'><strong>appellantur.</strong></span> <span class='ocrx_word' id='word_1_791' title='bbox 1154 2609 1223 2686; x_wconf 55' lang='lat' dir='ltr'><strong>gui</strong></span> <span class='ocrx_word' id='word_1_792' title='bbox 1251 2643 1345 2679; x_wconf 81' lang='lat' dir='ltr'><strong>enim</strong></span> <span class='ocrx_word' id='word_1_793' title='bbox 1406 2654 1447 2678; x_wconf 88' lang='lat' dir='ltr'><strong>er</strong></span> <span class='ocrx_word' id='word_1_794' title='bbox 1477 2643 1741 2679; x_wconf 75' lang='lat' dir='ltr'><strong>contumaciam</strong></span> <span class='ocrx_word' id='word_1_795' title='bbox 1771 2642 1941 2678; x_wconf 70' lang='lat' dir='ltr'><strong>iudicium</strong></span> <span class='ocrx_word' id='word_1_796' title='bbox 1972 2641 2120 2684; x_wconf 85' lang='lat' dir='ltr'><strong>deserit,</strong></span> <span class='ocrx_word' id='word_1_797' title='bbox 2155 2640 2436 2688; x_wconf 74' lang='lat' dir='ltr'><strong>haudquaquam</strong></span> 
     </span>
     <span class='ocr_line' id='line_1_89' title="bbox 213 2685 2437 2737; baseline -0.001 -12"><span class='ocrx_word' id='word_1_798' title='bbox 213 2690 372 2737; x_wconf 87' lang='lat' dir='ltr'><strong>inferior</strong></span> <span class='ocrx_word' id='word_1_799' title='bbox 402 2688 621 2725; x_wconf 86' lang='lat' dir='ltr'><strong>iudicabitur</strong></span> <span class='ocrx_word' id='word_1_800' title='bbox 650 2700 692 2724; x_wconf 88' lang='lat' dir='ltr'><strong>eo</strong></span> <span class='ocrx_word' id='word_1_801' title='bbox 725 2689 788 2734; x_wconf 85' lang='lat' dir='ltr'><strong>qui</strong></span> <span class='ocrx_word' id='word_1_802' title='bbox 810 2699 991 2736; x_wconf 85' lang='lat' dir='ltr'><strong>praesens</strong></span> <span class='ocrx_word' id='word_1_803' title='bbox 1021 2693 1084 2724; x_wconf 90' lang='lat' dir='ltr'><strong>est.</strong></span> <span class='ocrx_word' id='word_1_804' title='bbox 1132 2687 1176 2724; x_wconf 88' lang='lat' dir='ltr'><strong>Si</strong></span> <span class='ocrx_word' id='word_1_805' title='bbox 1199 2693 1317 2723; x_wconf 88' lang='lat' dir='ltr'><strong>tamen</strong></span> <span class='ocrx_word' id='word_1_806' title='bbox 1345 2688 1374 2723; x_wconf 88' lang='lat' dir='ltr'><strong>il</strong></span> <span class='ocrx_word' id='word_1_807' title='bbox 1386 2699 1406 2723; x_wconf 92' lang='lat' dir='ltr'><strong>e</strong></span> <span class='ocrx_word' id='word_1_808' title='bbox 1429 2688 1572 2734; x_wconf 85' lang='lat' dir='ltr'><strong>quidem</strong></span> <span class='ocrx_word' id='word_1_809' title='bbox 1593 2688 1697 2734; x_wconf 85' lang='lat' dir='ltr'><strong>forte</strong></span> <span class='ocrx_word' id='word_1_810' title='bbox 1720 2688 1856 2724; x_wconf 87' lang='lat' dir='ltr'><strong>venerit</strong></span> <span class='ocrx_word' id='word_1_811' title='bbox 1887 2690 1951 2722; x_wconf 88' lang='lat' dir='ltr'><strong>aut</strong></span> <span class='ocrx_word' id='word_1_812' title='bbox 1973 2686 2110 2722; x_wconf 76' lang='lat' dir='ltr'><strong>miserit</strong></span> <span class='ocrx_word' id='word_1_813' title='bbox 2132 2685 2300 2732; x_wconf 75' lang='lat' dir='ltr'><strong>aliquem,</strong></span> <span class='ocrx_word' id='word_1_814' title='bbox 2331 2696 2437 2722; x_wconf 81' lang='lat' dir='ltr'><strong>aceu-</strong></span> 
     </span>
     <span class='ocr_line' id='line_1_90' title="bbox 213 2729 2437 2779; baseline -0.001 -8"><span class='ocrx_word' id='word_1_815' title='bbox 213 2739 316 2771; x_wconf 89' lang='lat' dir='ltr'><strong>sator</strong></span> <span class='ocrx_word' id='word_1_816' title='bbox 340 2739 459 2770; x_wconf 87' lang='lat' dir='ltr'><strong>autem</strong></span> <span class='ocrx_word' id='word_1_817' title='bbox 482 2733 584 2777; x_wconf 81' lang='lat' dir='ltr'><strong>desit,</strong></span> <span class='ocrx_word' id='word_1_818' title='bbox 610 2740 694 2769; x_wconf 84' lang='lat' dir='ltr'><strong>tunc</strong></span> <span class='ocrx_word' id='word_1_819' title='bbox 717 2738 751 2770; x_wconf 90' lang='lat' dir='ltr'><strong>et</strong></span> <span class='ocrx_word' id='word_1_820' title='bbox 773 2745 873 2769; x_wconf 87' lang='lat' dir='ltr'><strong>reum</strong></span> <span class='ocrx_word' id='word_1_821' title='bbox 897 2733 1055 2769; x_wconf 85' lang='lat' dir='ltr'><strong>dimittat</strong></span> <span class='ocrx_word' id='word_1_822' title='bbox 1078 2738 1114 2769; x_wconf 87' lang='lat' dir='ltr'><strong>et</strong></span> <span class='ocrx_word' id='word_1_823' title='bbox 1136 2733 1350 2769; x_wconf 85' lang='lat' dir='ltr'><strong>detrimenta</strong></span> <span class='ocrx_word' id='word_1_824' title='bbox 1374 2733 1408 2769; x_wconf 84' lang='lat' dir='ltr'><strong>ei</strong></span> <span class='ocrx_word' id='word_1_825' title='bbox 1432 2733 1610 2770; x_wconf 82' lang='lat' dir='ltr'><strong>resarcire</strong></span> <span class='ocrx_word' id='word_1_826' title='bbox 1633 2733 1929 2768; x_wconf 85' lang='lat' dir='ltr'><strong>calumniatorem</strong></span> <span class='ocrx_word' id='word_1_827' title='bbox 1948 2735 2066 2779; x_wconf 66' lang='grc' dir='ltr'><strong><em>σοφαί.</em></strong></span> <span class='ocrx_word' id='word_1_828' title='bbox 2114 2729 2175 2767; x_wconf 88' lang='lat' dir='ltr'><strong>Ita</strong></span> <span class='ocrx_word' id='word_1_829' title='bbox 2198 2731 2292 2767; x_wconf 86' lang='lat' dir='ltr'><strong>enim</strong></span> <span class='ocrx_word' id='word_1_830' title='bbox 2316 2741 2437 2768; x_wconf 76' lang='lat' dir='ltr'><strong>omnes</strong></span> 
     </span>
     <span class='ocr_line' id='line_1_91' title="bbox 214 2775 2437 2831; baseline -0.002 -15"><span class='ocrx_word' id='word_1_831' title='bbox 214 2785 234 2817; x_wconf 93' lang='lat'>1</span> <span class='ocrx_word' id='word_1_832' title='bbox 281 2780 502 2816; x_wconf 85' lang='lat' dir='ltr'><strong>continentes</strong></span> <span class='ocrx_word' id='word_1_833' title='bbox 518 2783 634 2822; x_wconf 85' lang='lat' dir='ltr'><strong>erunt,</strong></span> <span class='ocrx_word' id='word_1_834' title='bbox 659 2780 711 2814; x_wconf 85' lang='lat' dir='ltr'><strong>ita</strong></span> <span class='ocrx_word' id='word_1_835' title='bbox 723 2789 882 2831; x_wconf 83' lang='lat' dir='ltr'><strong>peccare</strong></span> <span class='ocrx_word' id='word_1_836' title='bbox 897 2778 1070 2823; x_wconf 86' lang='lat' dir='ltr'><strong>desinent,</strong></span> <span class='ocrx_word' id='word_1_837' title='bbox 1094 2779 1147 2814; x_wconf 89' lang='lat' dir='ltr'><strong>ita</strong></span> <span class='ocrx_word' id='word_1_838' title='bbox 1169 2789 1244 2813; x_wconf 92' lang='lat' dir='ltr'><strong>non</strong></span> <span class='ocrx_word' id='word_1_839' title='bbox 1264 2778 1449 2825; x_wconf 85' lang='lat' dir='ltr'><strong>putabunt</strong></span> <span class='ocrx_word' id='word_1_840' title='bbox 1467 2789 1578 2825; x_wconf 86' lang='lat' dir='ltr'><strong>posse</strong></span> <span class='ocrx_word' id='word_1_841' title='bbox 1600 2777 1746 2814; x_wconf 83' lang='lat' dir='ltr'><strong>divitias</strong></span> <span class='ocrx_word' id='word_1_842' title='bbox 1769 2777 1943 2813; x_wconf 84' lang='lat' dir='ltr'><strong>iustitiam</strong></span> <span class='ocrx_word' id='word_1_843' title='bbox 1956 2786 2141 2823; x_wconf 85' lang='lat' dir='ltr'><strong>superare.</strong></span> <span class='ocrx_word' id='word_1_844' title='bbox 2208 2775 2334 2822; x_wconf 83' lang='lat' dir='ltr'><strong>Neque</strong></span> <span class='ocrx_word' id='word_1_845' title='bbox 2349 2775 2437 2812; x_wconf 81' lang='lat' dir='ltr'><strong>latet</strong></span> 
     </span>
     <span class='ocr_line' id='line_1_92' title="bbox 214 2820 2437 2871; baseline -0.002 -10"><span class='ocrx_word' id='word_1_846' title='bbox 214 2837 281 2862; x_wconf 89' lang='lat' dir='ltr'><strong>nos</strong></span> <span class='ocrx_word' id='word_1_847' title='bbox 302 2826 465 2871; x_wconf 84' lang='lat' dir='ltr'><strong>fortasse</strong></span> <span class='ocrx_word' id='word_1_848' title='bbox 495 2835 540 2859; x_wconf 86' lang='lat' dir='ltr'><strong>ne</strong></span> <span class='ocrx_word' id='word_1_849' title='bbox 569 2824 638 2859; x_wconf 75' lang='lat' dir='ltr'><strong>hoc</strong></span> <span class='ocrx_word' id='word_1_850' title='bbox 670 2824 811 2870; x_wconf 82' lang='lat' dir='ltr'><strong>quidem</strong></span> <span class='ocrx_word' id='word_1_851' title='bbox 834 2823 1007 2870; x_wconf 81' lang='lat' dir='ltr'><strong>sufficere</strong></span> <span class='ocrx_word' id='word_1_852' title='bbox 1038 2823 1088 2858; x_wconf 89' lang='lat' dir='ltr'><strong>ad</strong></span> <span class='ocrx_word' id='word_1_853' title='bbox 1110 2834 1257 2859; x_wconf 88' lang='lat' dir='ltr'><strong>causam</strong></span> <span class='ocrx_word' id='word_1_854' title='bbox 1275 2823 1488 2870; x_wconf 86' lang='lat' dir='ltr'><strong>planissime</strong></span> <span class='ocrx_word' id='word_1_855' title='bbox 1517 2822 1738 2865; x_wconf 88' lang='lat' dir='ltr'><strong>sanandam,</strong></span> <span class='ocrx_word' id='word_1_856' title='bbox 1771 2833 1850 2857; x_wconf 87' lang='lat' dir='ltr'><strong>cum</strong></span> <span class='ocrx_word' id='word_1_857' title='bbox 1873 2822 2008 2858; x_wconf 87' lang='lat' dir='ltr'><strong>iudices</strong></span> <span class='ocrx_word' id='word_1_858' title='bbox 2034 2820 2297 2868; x_wconf 72' lang='lat' dir='ltr'><strong>potentioribus</strong></span> <span class='ocrx_word' id='word_1_859' title='bbox 2319 2821 2437 2867; x_wconf 71' lang='lat' dir='ltr'><strong>maqis</strong></span> 
     </span>
     <span class='ocr_line' id='line_1_93' title="bbox 215 2865 2436 2919; baseline -0.002 -13"><span class='ocrx_word' id='word_1_860' title='bbox 215 2882 321 2918; x_wconf 88' lang='lat' dir='ltr'><strong>quam</strong></span> <span class='ocrx_word' id='word_1_861' title='bbox 346 2871 392 2905; x_wconf 79' lang='lat' dir='ltr'><strong>iis</strong></span> <span class='ocrx_word' id='word_1_862' title='bbox 422 2870 485 2915; x_wconf 86' lang='lat' dir='ltr'><strong>qui</strong></span> <span class='ocrx_word' id='word_1_863' title='bbox 507 2869 663 2905; x_wconf 83' lang='lat' dir='ltr'><strong>iustiora</strong></span> <span class='ocrx_word' id='word_1_864' title='bbox 683 2869 807 2905; x_wconf 86' lang='lat' dir='ltr'><strong>volunt</strong></span> <span class='ocrx_word' id='word_1_865' title='bbox 830 2872 864 2904; x_wconf 91' lang='lat' dir='ltr'><strong>et</strong></span> <span class='ocrx_word' id='word_1_866' title='bbox 884 2868 922 2903; x_wconf 87' lang='lat' dir='ltr'><strong>in</strong></span> <span class='ocrx_word' id='word_1_867' title='bbox 937 2868 1134 2915; x_wconf 82' lang='lat' dir='ltr'><strong>provincia</strong></span> <span class='ocrx_word' id='word_1_868' title='bbox 1148 2872 1233 2903; x_wconf 88' lang='lat' dir='ltr'><strong>sunt</strong></span> <span class='ocrx_word' id='word_1_869' title='bbox 1250 2868 1511 2914; x_wconf 75' lang='lat' dir='ltr'><strong>qratificentur.</strong></span> <span class='ocrx_word' id='word_1_870' title='bbox 1560 2870 1727 2903; x_wconf 83' lang='lat' dir='ltr'><strong>Attamen</strong></span> <span class='ocrx_word' id='word_1_871' title='bbox 1757 2867 1890 2903; x_wconf 82' lang='lat' dir='ltr'><strong>scimus</strong></span> <span class='ocrx_word' id='word_1_872' title='bbox 1913 2867 2111 2917; x_wconf 76' lang='lat' dir='ltr'><strong>maximam</strong></span> <span class='ocrx_word' id='word_1_873' title='bbox 2131 2865 2272 2917; x_wconf 69' lang='lat' dir='ltr'><strong>quidem</strong></span> <span class='ocrx_word' id='word_1_874' title='bbox 2293 2872 2436 2919; x_wconf 79' lang='lat' dir='ltr'><strong>partem</strong></span> 
     </span>
     <span class='ocr_line' id='line_1_94' title="bbox 214 2911 2436 2960; baseline -0.002 -9"><span class='ocrx_word' id='word_1_875' title='bbox 214 2917 431 2952; x_wconf 79' lang='lat' dir='ltr'><strong>iniuriarum</strong></span> <span class='ocrx_word' id='word_1_876' title='bbox 461 2925 529 2950; x_wconf 89' lang='lat' dir='ltr'><strong>nos</strong></span> <span class='ocrx_word' id='word_1_877' title='bbox 560 2914 629 2949; x_wconf 77' lang='lat' dir='ltr'><strong>hac</strong></span> <span class='ocrx_word' id='word_1_878' title='bbox 660 2914 738 2960; x_wconf 78' lang='lat' dir='ltr'><strong>leqe</strong></span> <span class='ocrx_word' id='word_1_879' title='bbox 766 2913 844 2949; x_wconf 85' lang='lat' dir='ltr'><strong>lata</strong></span> <span class='ocrx_word' id='word_1_880' title='bbox 866 2924 1032 2955; x_wconf 86' lang='lat' dir='ltr'><strong>sanasse,</strong></span> <span class='ocrx_word' id='word_1_881' title='bbox 1063 2913 1169 2949; x_wconf 89' lang='lat' dir='ltr'><strong>immo</strong></span> <span class='ocrx_word' id='word_1_882' title='bbox 1194 2917 1369 2959; x_wconf 87' lang='lat' dir='ltr'><strong>quantum</strong></span> <span class='ocrx_word' id='word_1_883' title='bbox 1399 2913 1438 2948; x_wconf 87' lang='lat' dir='ltr'><strong>in</strong></span> <span class='ocrx_word' id='word_1_884' title='bbox 1470 2912 1575 2948; x_wconf 88' lang='lat' dir='ltr'><strong>nobis</strong></span> <span class='ocrx_word' id='word_1_885' title='bbox 1603 2917 1658 2948; x_wconf 83' lang='lat' dir='ltr'><strong>est</strong></span> <span class='ocrx_word' id='word_1_886' title='bbox 1689 2916 1803 2948; x_wconf 87' lang='lat' dir='ltr'><strong>totum</strong></span> <span class='ocrx_word' id='word_1_887' title='bbox 1831 2917 1999 2948; x_wconf 83' lang='lat' dir='ltr'><strong>sanatum</strong></span> <span class='ocrx_word' id='word_1_888' title='bbox 2030 2915 2108 2947; x_wconf 78' lang='lat' dir='ltr'><strong>ent.</strong></span> <span class='ocrx_word' id='word_1_889' title='bbox 2155 2911 2222 2953; x_wconf 69' lang='lat' dir='ltr'><strong>Qun</strong></span> <span class='ocrx_word' id='word_1_890' title='bbox 2246 2921 2340 2946; x_wconf 82' lang='lat' dir='ltr'><strong>emm</strong></span> <span class='ocrx_word' id='word_1_891' title='bbox 2363 2921 2436 2947; x_wconf 83' lang='lat' dir='ltr'><strong>non</strong></span> 
     </span>
    </p>
   </div>
   <div class='ocr_carea' id='block_1_29' title="bbox 2230 2975 2334 2980">
    <p class='ocr_par' dir='ltr' id='par_1_30' title="bbox 2230 2975 2334 2980">
     <span class='ocr_line' id='line_1_95' title="bbox 2230 2975 2334 2980; baseline 0 0"><span class='ocrx_word' id='word_1_892' title='bbox 2230 2975 2334 2980; x_wconf 95' lang='lat' dir='ltr'><strong> </strong></span> 
     </span>
    </p>
   </div>
   <div class='ocr_carea' id='block_1_30' title="bbox 269 2980 533 2987">
    <p class='ocr_par' dir='ltr' id='par_1_31' title="bbox 269 2980 533 2987">
     <span class='ocr_line' id='line_1_96' title="bbox 269 2980 533 2987; baseline 0 853"><span class='ocrx_word' id='word_1_893' title='bbox 269 2980 533 2987; x_wconf 95' lang='lat' dir='ltr'><strong> </strong></span> 
     </span>
    </p>
   </div>
   <div class='ocr_carea' id='block_1_31' title="bbox 1359 3000 2436 3360">
    <p class='ocr_par' dir='ltr' id='par_1_32' title="bbox 1359 3000 2436 3360">
     <span class='ocr_line' id='line_1_97' title="bbox 1408 3000 2408 3047; baseline -0.003 -10"><span class='ocrx_word' id='word_1_894' title='bbox 1408 3006 1423 3037; x_wconf 92' lang='lat'>1</span> <span class='ocrx_word' id='word_1_895' title='bbox 1444 3013 1531 3036; x_wconf 74' lang='lat' dir='ltr'><strong>nou·</strong></span> <span class='ocrx_word' id='word_1_896' title='bbox 1556 3003 1606 3036; x_wconf 87' lang='lat' dir='ltr'><strong>V¹</strong></span> <span class='ocrx_word' id='word_1_897' title='bbox 1623 3002 1636 3047; x_wconf 82' lang='grc' dir='ltr'><strong>ΙΙ</strong></span> <span class='ocrx_word' id='word_1_898' title='bbox 1653 3006 1692 3035; x_wconf 89' lang='lat' dir='ltr'><strong>ut</strong></span> <span class='ocrx_word' id='word_1_899' title='bbox 1711 3002 1769 3035; x_wconf 89' lang='lat' dir='ltr'><strong>ille</strong></span> <span class='ocrx_word' id='word_1_900' title='bbox 1789 3003 1894 3043; x_wconf 83' lang='lat' dir='ltr'><strong>Beck]</strong></span> <span class='ocrx_word' id='word_1_901' title='bbox 1919 3001 2004 3034; x_wconf 87' lang='lat' dir='ltr'><strong>utile</strong></span> <span class='ocrx_word' id='word_1_902' title='bbox 2029 3002 2107 3035; x_wconf 82' lang='lat' dir='ltr'><strong>libri</strong></span> <span class='ocrx_word' id='word_1_903' title='bbox 2120 3000 2133 3044; x_wconf 79' lang='grc' dir='ltr'><strong>ΙΙ</strong></span> <span class='ocrx_word' id='word_1_904' title='bbox 2151 3002 2171 3035; x_wconf 88' lang='grc'><strong>2</strong></span> <span class='ocrx_word' id='word_1_905' title='bbox 2195 3000 2336 3034; x_wconf 81' lang='lat' dir='ltr'><strong>credidit</strong></span> <span class='ocrx_word' id='word_1_906' title='bbox 2357 3000 2408 3034; x_wconf 63' lang='grc' dir='ltr'><strong>Β*</strong></span> 
     </span>
     <span class='ocr_line' id='line_1_98' title="bbox 1360 3045 2401 3090; baseline -0.003 -8"><span class='ocrx_word' id='word_1_907' title='bbox 1360 3050 1379 3082; x_wconf 88' lang='grc'><strong>5</strong></span> <span class='ocrx_word' id='word_1_908' title='bbox 1405 3048 1610 3082; x_wconf 81' lang='lat' dir='ltr'><strong>decernenda</strong></span> <span class='ocrx_word' id='word_1_909' title='bbox 1631 3048 1678 3090; x_wconf 93' lang='lat' dir='ltr'><strong>V]</strong></span> <span class='ocrx_word' id='word_1_910' title='bbox 1702 3047 1919 3081; x_wconf 85' lang='lat' dir='ltr'><strong>discernenda</strong></span> <span class='ocrx_word' id='word_1_911' title='bbox 1935 3047 1968 3080; x_wconf 81' lang='lat' dir='ltr'><strong><em>R</em></strong></span> <span class='ocrx_word' id='word_1_912' title='bbox 1994 3045 2007 3090; x_wconf 89' lang='grc' dir='ltr'><strong>ΙΙ</strong></span> <span class='ocrx_word' id='word_1_913' title='bbox 2037 3047 2058 3081; x_wconf 91' lang='grc'><strong>6</strong></span> <span class='ocrx_word' id='word_1_914' title='bbox 2081 3046 2134 3078; x_wconf 84' lang='lat' dir='ltr'><strong>sin</strong></span> <span class='ocrx_word' id='word_1_915' title='bbox 2153 3045 2195 3087; x_wconf 79' lang='lat' dir='ltr'><strong>R]</strong></span> <span class='ocrx_word' id='word_1_916' title='bbox 2219 3046 2248 3079; x_wconf 77' lang='lat' dir='ltr'><strong>si</strong></span> <span class='ocrx_word' id='word_1_917' title='bbox 2275 3045 2401 3089; x_wconf 74' lang='lat' dir='ltr'><strong>Vvulq.</strong></span> 
     </span>
     <span class='ocr_line' id='line_1_99' title="bbox 1362 3089 2435 3137; baseline -0.003 -10"><span class='ocrx_word' id='word_1_918' title='bbox 1362 3095 1404 3128; x_wconf 91' lang='lat'><strong>10</strong></span> <span class='ocrx_word' id='word_1_919' title='bbox 1415 3097 1587 3136; x_wconf 81' lang='lat' dir='ltr'><strong>praesente</strong></span> <span class='ocrx_word' id='word_1_920' title='bbox 1607 3093 1657 3126; x_wconf 86' lang='lat' dir='ltr'><strong>V¹</strong></span> <span class='ocrx_word' id='word_1_921' title='bbox 1675 3092 1688 3137; x_wconf 89' lang='grc' dir='ltr'><strong>ΙΙ</strong></span> <span class='ocrx_word' id='word_1_922' title='bbox 1706 3095 1722 3126; x_wconf 81' lang='grc' dir='ltr'><strong>Ῐ</strong></span> <span class='ocrx_word' id='word_1_923' title='bbox 1727 3094 1746 3127; x_wconf 92' lang='grc'><strong>2</strong></span> <span class='ocrx_word' id='word_1_924' title='bbox 1760 3092 1934 3134; x_wconf 82' lang='lat' dir='ltr'><strong>obnoxius]</strong></span> <span class='ocrx_word' id='word_1_925' title='bbox 1959 3091 2094 3125; x_wconf 85' lang='lat' dir='ltr'><strong>omnino</strong></span> <span class='ocrx_word' id='word_1_926' title='bbox 2109 3091 2185 3125; x_wconf 80' lang='lat' dir='ltr'><strong>add.</strong></span> <span class='ocrx_word' id='word_1_927' title='bbox 2200 3090 2253 3124; x_wconf 66' lang='lat' dir='ltr'><strong>R*</strong></span> <span class='ocrx_word' id='word_1_928' title='bbox 2270 3089 2284 3134; x_wconf 79' lang='grc' dir='ltr'><strong>ΙΙ</strong></span> <span class='ocrx_word' id='word_1_929' title='bbox 2302 3093 2343 3125; x_wconf 84' lang='grc'><strong>14</strong></span> <span class='ocrx_word' id='word_1_930' title='bbox 2357 3101 2435 3134; x_wconf 84' lang='lat' dir='ltr'><strong>pro-</strong></span> 
     </span>
     <span class='ocr_line' id='line_1_100' title="bbox 1359 3135 2435 3180; baseline -0.002 -9"><span class='ocrx_word' id='word_1_931' title='bbox 1359 3139 1469 3171; x_wconf 85' lang='lat' dir='ltr'><strong>uintia</strong></span> <span class='ocrx_word' id='word_1_932' title='bbox 1494 3138 1556 3180; x_wconf 65' lang='lat' dir='ltr'><strong>R!</strong></span> <span class='ocrx_word' id='word_1_933' title='bbox 1578 3137 1713 3172; x_wconf 87' lang='lat' dir='ltr'><strong>uolente</strong></span> <span class='ocrx_word' id='word_1_934' title='bbox 1738 3137 1786 3171; x_wconf 70' lang='lat'><strong>12¹</strong></span> <span class='ocrx_word' id='word_1_935' title='bbox 1802 3139 1814 3178; x_wconf 94' lang='grc' dir='ltr'><strong>ΙΙ</strong></span> <span class='ocrx_word' id='word_1_936' title='bbox 1843 3139 1883 3172; x_wconf 88' lang='grc'><strong>15</strong></span> <span class='ocrx_word' id='word_1_937' title='bbox 1907 3137 2070 3170; x_wconf 75' lang='lat' dir='ltr'><strong>obnoxius</strong></span> <span class='ocrx_word' id='word_1_938' title='bbox 2094 3136 2230 3169; x_wconf 85' lang='lat' dir='ltr'><strong>omnino</strong></span> <span class='ocrx_word' id='word_1_939' title='bbox 2254 3136 2287 3169; x_wconf 82' lang='lat' dir='ltr'><em>R</em></span> <span class='ocrx_word' id='word_1_940' title='bbox 2302 3135 2316 3179; x_wconf 86' lang='grc' dir='ltr'><strong>ΙΙ</strong></span> <span class='ocrx_word' id='word_1_941' title='bbox 2342 3136 2435 3170; x_wconf 83' lang='lat' dir='ltr'><strong>locu—</strong></span> 
     </span>
     <span class='ocr_line' id='line_1_101' title="bbox 1359 3180 2435 3228; baseline -0.001 -11"><span class='ocrx_word' id='word_1_942' title='bbox 1359 3183 1436 3228; x_wconf 83' lang='lat' dir='ltr'><strong>plex</strong></span> <span class='ocrx_word' id='word_1_943' title='bbox 1460 3184 1536 3217; x_wconf 84' lang='lat' dir='ltr'><strong>RV</strong></span> <span class='ocrx_word' id='word_1_944' title='bbox 1558 3184 1569 3226; x_wconf 89' lang='grc' dir='ltr'><strong>ΙΙ</strong></span> <span class='ocrx_word' id='word_1_945' title='bbox 1603 3185 1643 3217; x_wconf 91' lang='grc'><strong>16</strong></span> <span class='ocrx_word' id='word_1_946' title='bbox 1668 3183 1707 3215; x_wconf 88' lang='lat' dir='ltr'><strong>de</strong></span> <span class='ocrx_word' id='word_1_947' title='bbox 1730 3186 1839 3215; x_wconf 87' lang='lat' dir='ltr'><strong>cetera</strong></span> <span class='ocrx_word' id='word_1_948' title='bbox 1862 3183 1911 3215; x_wconf 79' lang='lat' dir='ltr'><strong>R¹</strong></span> <span class='ocrx_word' id='word_1_949' title='bbox 1940 3182 1953 3226; x_wconf 83' lang='grc' dir='ltr'><strong>ΙΙ</strong></span> <span class='ocrx_word' id='word_1_950' title='bbox 1981 3184 2022 3216; x_wconf 85' lang='grc'><strong>17</strong></span> <span class='ocrx_word' id='word_1_951' title='bbox 2047 3181 2167 3214; x_wconf 88' lang='lat' dir='ltr'><strong>habeat</strong></span> <span class='ocrx_word' id='word_1_952' title='bbox 2191 3181 2225 3213; x_wconf 78' lang='lat' dir='ltr'><em>R</em></span> <span class='ocrx_word' id='word_1_953' title='bbox 2253 3180 2267 3225; x_wconf 84' lang='grc' dir='ltr'><strong>ΙΙ</strong></span> <span class='ocrx_word' id='word_1_954' title='bbox 2298 3183 2341 3216; x_wconf 90' lang='grc'><strong>22</strong></span> <span class='ocrx_word' id='word_1_955' title='bbox 2365 3182 2435 3224; x_wconf 83' lang='lat' dir='ltr'><strong>qui]</strong></span> 
     </span>
     <span class='ocr_line' id='line_1_102' title="bbox 1360 3225 2436 3272; baseline -0.003 -10"><span class='ocrx_word' id='word_1_956' title='bbox 1360 3229 1441 3271; x_wconf 87' lang='lat' dir='ltr'><strong>quid</strong></span> <span class='ocrx_word' id='word_1_957' title='bbox 1463 3229 1514 3262; x_wconf 78' lang='lat'><strong>17⁰</strong></span> <span class='ocrx_word' id='word_1_958' title='bbox 1529 3228 1541 3272; x_wconf 85' lang='grc' dir='ltr'><strong>ΙΙ</strong></span> <span class='ocrx_word' id='word_1_959' title='bbox 1560 3228 1743 3269; x_wconf 84' lang='lat' dir='ltr'><strong>dominum]</strong></span> <span class='ocrx_word' id='word_1_960' title='bbox 1768 3227 1866 3261; x_wconf 82' lang='lat' dir='ltr'><strong>deum</strong></span> <span class='ocrx_word' id='word_1_961' title='bbox 1886 3227 1935 3260; x_wconf 87' lang='lat' dir='ltr'><strong>R¹</strong></span> <span class='ocrx_word' id='word_1_962' title='bbox 1959 3227 2142 3260; x_wconf 84' lang='lat' dir='ltr'><strong>dominium</strong></span> <span class='ocrx_word' id='word_1_963' title='bbox 2164 3225 2213 3259; x_wconf 82' lang='lat' dir='ltr'><strong>R²</strong></span> <span class='ocrx_word' id='word_1_964' title='bbox 2229 3226 2242 3270; x_wconf 80' lang='grc' dir='ltr'><strong>ΙΙ</strong></span> <span class='ocrx_word' id='word_1_965' title='bbox 2260 3227 2302 3260; x_wconf 88' lang='grc'><strong>23</strong></span> <span class='ocrx_word' id='word_1_966' title='bbox 2325 3228 2372 3260; x_wconf 76' lang='lat' dir='ltr'><strong>est</strong></span> <span class='ocrx_word' id='word_1_967' title='bbox 2386 3227 2436 3260; x_wconf 62' lang='grc' dir='ltr'><strong>Β*</strong></span> 
     </span>
     <span class='ocr_line' id='line_1_103' title="bbox 1361 3271 2436 3318; baseline -0.002 -11"><span class='ocrx_word' id='word_1_968' title='bbox 1361 3275 1458 3318; x_wconf 56' lang='lat' dir='ltr'><strong>cuiq]</strong></span> <span class='ocrx_word' id='word_1_969' title='bbox 1477 3286 1535 3308; x_wconf 86' lang='lat' dir='ltr'><strong>om.</strong></span> <span class='ocrx_word' id='word_1_970' title='bbox 1549 3274 1598 3307; x_wconf 82' lang='lat' dir='ltr'><strong>R¹</strong></span> <span class='ocrx_word' id='word_1_971' title='bbox 1609 3274 1641 3306; x_wconf 90' lang='lat' dir='ltr'><em>V</em></span> <span class='ocrx_word' id='word_1_972' title='bbox 1652 3272 1664 3318; x_wconf 80' lang='lat' dir='ltr'>ss</span> <span class='ocrx_word' id='word_1_973' title='bbox 1687 3273 1810 3314; x_wconf 77' lang='lat' dir='ltr'><strong>leltime</strong></span> <span class='ocrx_word' id='word_1_974' title='bbox 1830 3272 1880 3306; x_wconf 85' lang='lat' dir='ltr'><strong>V¹</strong></span> <span class='ocrx_word' id='word_1_975' title='bbox 1897 3272 1910 3316; x_wconf 80' lang='grc'><strong>11</strong></span> <span class='ocrx_word' id='word_1_976' title='bbox 1934 3276 2074 3315; x_wconf 81' lang='lat' dir='ltr'><strong>cogatur</strong></span> <span class='ocrx_word' id='word_1_977' title='bbox 2089 3273 2175 3315; x_wconf 74' lang='lat' dir='ltr'><strong>vulq.</strong></span> <span class='ocrx_word' id='word_1_978' title='bbox 2192 3272 2283 3313; x_wconf 85' lang='lat' dir='ltr'><strong>(agat</strong></span> <span class='ocrx_word' id='word_1_979' title='bbox 2294 3272 2402 3311; x_wconf 77' lang='lat' dir='ltr'><strong>Beck)</strong></span> <span class='ocrx_word' id='word_1_980' title='bbox 2423 3271 2436 3315; x_wconf 79' lang='lat' dir='ltr'>ss</span> 
     </span>
     <span class='ocr_line' id='line_1_104' title="bbox 1361 3315 2435 3360; baseline -0.004 -6"><span class='ocrx_word' id='word_1_981' title='bbox 1361 3321 1403 3354; x_wconf 83' lang='lat'><strong>25</strong></span> <span class='ocrx_word' id='word_1_982' title='bbox 1424 3318 1590 3360; x_wconf 84' lang='lat' dir='ltr'><strong>obediens]</strong></span> <span class='ocrx_word' id='word_1_983' title='bbox 1614 3318 1817 3352; x_wconf 82' lang='lat' dir='ltr'><strong>conueniens</strong></span> <span class='ocrx_word' id='word_1_984' title='bbox 1832 3316 1909 3358; x_wconf 62' lang='lat'><strong>13¹1!</strong></span> <span class='ocrx_word' id='word_1_985' title='bbox 1929 3318 1971 3352; x_wconf 92' lang='grc'><strong>26</strong></span> <span class='ocrx_word' id='word_1_986' title='bbox 1997 3317 2253 3351; x_wconf 84' lang='lat' dir='ltr'><strong>heremodicium</strong></span> <span class='ocrx_word' id='word_1_987' title='bbox 2268 3315 2318 3350; x_wconf 67' lang='lat' dir='ltr'><strong>R*</strong></span> <span class='ocrx_word' id='word_1_988' title='bbox 2342 3317 2435 3350; x_wconf 83' lang='lat' dir='ltr'><strong>here-</strong></span> 
     </span>
    </p>
   </div>
   <div class='ocr_carea' id='block_1_32' title="bbox 215 3001 1293 3369">
    <p class='ocr_par' dir='ltr' id='par_1_33' title="bbox 215 3001 1293 3369">
     <span class='ocr_line' id='line_1_105' title="bbox 262 3001 1291 3053; baseline -0.006 -11"><span class='ocrx_word' id='word_1_989' title='bbox 262 3012 277 3043; x_wconf 92' lang='lat'>1</span> <span class='ocrx_word' id='word_1_990' title='bbox 301 3004 483 3053; x_wconf 80' lang='grc' dir='ltr'><strong><em>ὃριζέσθω</em></strong></span> <span class='ocrx_word' id='word_1_991' title='bbox 497 3006 554 3047; x_wconf 89' lang='grc' dir='ltr'><strong>Μ]</strong></span> <span class='ocrx_word' id='word_1_992' title='bbox 580 3002 734 3049; x_wconf 74' lang='grc' dir='ltr'><strong><em>ὡρίσθω</em></strong></span> <span class='ocrx_word' id='word_1_993' title='bbox 750 3005 818 3038; x_wconf 87' lang='lat' dir='ltr'><strong>LB</strong></span> <span class='ocrx_word' id='word_1_994' title='bbox 832 3006 875 3046; x_wconf 85' lang='grc' dir='ltr'><strong><em>(ς)</em></strong></span> <span class='ocrx_word' id='word_1_995' title='bbox 892 3005 906 3048; x_wconf 90' lang='grc' dir='ltr'><strong>ΙΙ</strong></span> <span class='ocrx_word' id='word_1_996' title='bbox 931 3007 951 3039; x_wconf 85' lang='grc'>4</span> <span class='ocrx_word' id='word_1_997' title='bbox 965 3017 1011 3048; x_wconf 85' lang='lat' dir='ltr'><strong>sq.</strong></span> <span class='ocrx_word' id='word_1_998' title='bbox 1032 3004 1121 3037; x_wconf 86' lang='grc' dir='ltr'><strong><em>πᾶσι</em></strong></span> <span class='ocrx_word' id='word_1_999' title='bbox 1146 3001 1291 3047; x_wconf 84' lang='grc' dir='ltr'><strong><em>τρόποις</em></strong></span> 
     </span>
     <span class='ocr_line' id='line_1_106' title="bbox 215 3048 1290 3094; baseline -0.007 -5"><span class='ocrx_word' id='word_1_1000' title='bbox 215 3054 279 3089; x_wconf 84' lang='grc' dir='ltr'><strong>τὸν</strong></span> <span class='ocrx_word' id='word_1_1001' title='bbox 294 3049 560 3094; x_wconf 79' lang='grc' dir='ltr'><strong><em>ὑποδεξάμενον</em></strong></span> <span class='ocrx_word' id='word_1_1002' title='bbox 575 3051 625 3084; x_wconf 77' lang='lat' dir='ltr'><strong>B⁰</strong></span> <span class='ocrx_word' id='word_1_1003' title='bbox 640 3050 652 3094; x_wconf 84' lang='grc' dir='ltr'><strong>ΙΙ</strong></span> <span class='ocrx_word' id='word_1_1004' title='bbox 683 3053 702 3084; x_wconf 91' lang='grc'><strong>5</strong></span> <span class='ocrx_word' id='word_1_1005' title='bbox 719 3048 966 3094; x_wconf 78' lang='grc' dir='ltr'><strong><em>πληρώσαντα</em></strong></span> <span class='ocrx_word' id='word_1_1006' title='bbox 980 3050 1064 3082; x_wconf 82' lang='lat' dir='ltr'><strong>LBc</strong></span> <span class='ocrx_word' id='word_1_1007' title='bbox 1080 3049 1093 3092; x_wconf 86' lang='grc' dir='ltr'><strong>ΙΙ</strong></span> <span class='ocrx_word' id='word_1_1008' title='bbox 1118 3051 1138 3083; x_wconf 88' lang='grc'><strong>6</strong></span> <span class='ocrx_word' id='word_1_1009' title='bbox 1158 3049 1290 3093; x_wconf 79' lang='grc' dir='ltr'><strong><em>ἔφεσις]</em></strong></span> 
     </span>
     <span class='ocr_line' id='line_1_107' title="bbox 215 3090 1292 3146; baseline -0.006 -15"><span class='ocrx_word' id='word_1_1010' title='bbox 215 3102 332 3146; x_wconf 66' lang='grc' dir='ltr'><strong><em>ἕτερος</em></strong></span> <span class='ocrx_word' id='word_1_1011' title='bbox 344 3100 387 3140; x_wconf 91' lang='lat' dir='ltr'><strong>L,</strong></span> <span class='ocrx_word' id='word_1_1012' title='bbox 412 3096 490 3140; x_wconf 84' lang='grc' dir='ltr'><strong><em>ἢτοι</em></strong></span> <span class='ocrx_word' id='word_1_1013' title='bbox 506 3094 671 3138; x_wconf 83' lang='grc' dir='ltr'><strong><em>ἕκκλητος</em></strong></span> <span class='ocrx_word' id='word_1_1014' title='bbox 690 3096 811 3128; x_wconf 86' lang='lat' dir='ltr'><strong>s.v.M</strong></span> <span class='ocrx_word' id='word_1_1015' title='bbox 821 3095 833 3139; x_wconf 81' lang='grc' dir='ltr'><strong>ΙΙ</strong></span> <span class='ocrx_word' id='word_1_1016' title='bbox 851 3096 871 3129; x_wconf 89' lang='grc'>8</span> <span class='ocrx_word' id='word_1_1017' title='bbox 883 3091 948 3128; x_wconf 78' lang='grc' dir='ltr'><strong><em>οὐκ</em></strong></span> <span class='ocrx_word' id='word_1_1018' title='bbox 968 3108 1026 3128; x_wconf 86' lang='lat' dir='ltr'><strong>om.</strong></span> <span class='ocrx_word' id='word_1_1019' title='bbox 1038 3095 1088 3128; x_wconf 75' lang='grc' dir='ltr'><strong>Βο</strong></span> <span class='ocrx_word' id='word_1_1020' title='bbox 1107 3095 1118 3136; x_wconf 89' lang='grc' dir='ltr'><strong>ΙΙ</strong></span> <span class='ocrx_word' id='word_1_1021' title='bbox 1134 3096 1154 3127; x_wconf 85' lang='grc'>9</span> <span class='ocrx_word' id='word_1_1022' title='bbox 1169 3090 1292 3139; x_wconf 80' lang='grc' dir='ltr'><strong><em>κύριον</em></strong></span> 
     </span>
     <span class='ocr_line' id='line_1_108' title="bbox 217 3136 1292 3191; baseline -0.006 -14"><span class='ocrx_word' id='word_1_1023' title='bbox 217 3148 247 3180; x_wconf 87' lang='lat' dir='ltr'><strong><em>L</em></strong></span> <span class='ocrx_word' id='word_1_1024' title='bbox 265 3146 277 3191; x_wconf 84' lang='grc' dir='ltr'><strong>[Ι</strong></span> <span class='ocrx_word' id='word_1_1025' title='bbox 297 3147 337 3180; x_wconf 85' lang='grc'><strong>10</strong></span> <span class='ocrx_word' id='word_1_1026' title='bbox 356 3144 416 3177; x_wconf 82' lang='grc' dir='ltr'><strong>καὶ</strong></span> <span class='ocrx_word' id='word_1_1027' title='bbox 438 3150 511 3175; x_wconf 84' lang='lat' dir='ltr'><strong>ante</strong></span> <span class='ocrx_word' id='word_1_1028' title='bbox 534 3136 624 3185; x_wconf 77' lang='grc' dir='ltr'><strong><em>ὑπὲρ</em></strong></span> <span class='ocrx_word' id='word_1_1029' title='bbox 645 3143 756 3174; x_wconf 81' lang='lat' dir='ltr'><strong>abesse</strong></span> <span class='ocrx_word' id='word_1_1030' title='bbox 773 3142 864 3174; x_wconf 85' lang='lat' dir='ltr'><strong>malit</strong></span> <span class='ocrx_word' id='word_1_1031' title='bbox 876 3140 1064 3173; x_wconf 78' lang='lat' dir='ltr'><strong>Zachariae</strong></span> <span class='ocrx_word' id='word_1_1032' title='bbox 1082 3141 1150 3173; x_wconf 84' lang='lat' dir='ltr'><strong>sine</strong></span> <span class='ocrx_word' id='word_1_1033' title='bbox 1167 3151 1267 3172; x_wconf 80' lang='lat' dir='ltr'><strong>causa</strong></span> <span class='ocrx_word' id='word_1_1034' title='bbox 1287 3137 1292 3183; x_wconf 86' lang='grc' dir='ltr'>Ι</span> 
     </span>
     <span class='ocr_line' id='line_1_109' title="bbox 218 3181 1292 3237; baseline -0.01 -10"><span class='ocrx_word' id='word_1_1035' title='bbox 218 3194 258 3227; x_wconf 89' lang='grc'><strong>12</strong></span> <span class='ocrx_word' id='word_1_1036' title='bbox 280 3187 458 3237; x_wconf 88' lang='grc' dir='ltr'><strong><em>παρόντος</em></strong></span> <span class='ocrx_word' id='word_1_1037' title='bbox 482 3188 584 3228; x_wconf 69' lang='lat' dir='ltr'><strong>LBc]</strong></span> <span class='ocrx_word' id='word_1_1038' title='bbox 611 3182 659 3219; x_wconf 78' lang='grc' dir='ltr'><strong>ὠς</strong></span> <span class='ocrx_word' id='word_1_1039' title='bbox 681 3181 861 3231; x_wconf 86' lang='grc' dir='ltr'><strong><em>παρόντος</em></strong></span> <span class='ocrx_word' id='word_1_1040' title='bbox 877 3186 919 3218; x_wconf 88' lang='grc' dir='ltr'><em>Μ</em></span> <span class='ocrx_word' id='word_1_1041' title='bbox 940 3184 953 3228; x_wconf 84' lang='grc' dir='ltr'><strong>ΙΙ</strong></span> <span class='ocrx_word' id='word_1_1042' title='bbox 986 3187 1025 3219; x_wconf 89' lang='grc'><strong>15</strong></span> <span class='ocrx_word' id='word_1_1043' title='bbox 1049 3181 1133 3217; x_wconf 78' lang='grc' dir='ltr'><strong><em>τινὰ</em></strong></span> <span class='ocrx_word' id='word_1_1044' title='bbox 1156 3197 1214 3217; x_wconf 88' lang='lat' dir='ltr'><strong>om.</strong></span> <span class='ocrx_word' id='word_1_1045' title='bbox 1239 3196 1258 3220; x_wconf 75' lang='grc' dir='ltr'><strong>ς</strong></span> <span class='ocrx_word' id='word_1_1046' title='bbox 1286 3185 1292 3227; x_wconf 76' lang='grc' dir='ltr'>Ι</span> 
     </span>
     <span class='ocr_line' id='line_1_110' title="bbox 218 3226 1290 3279; baseline -0.008 -9"><span class='ocrx_word' id='word_1_1047' title='bbox 218 3240 258 3273; x_wconf 88' lang='lat'><strong>18</strong></span> <span class='ocrx_word' id='word_1_1048' title='bbox 284 3238 344 3270; x_wconf 81' lang='grc' dir='ltr'><strong>καὶ</strong></span> <span class='ocrx_word' id='word_1_1049' title='bbox 367 3231 428 3279; x_wconf 87' lang='grc' dir='ltr'><strong>μὴ]</strong></span> <span class='ocrx_word' id='word_1_1050' title='bbox 460 3235 519 3266; x_wconf 90' lang='lat' dir='ltr'><strong>aut</strong></span> <span class='ocrx_word' id='word_1_1051' title='bbox 542 3242 608 3265; x_wconf 87' lang='lat' dir='ltr'><strong>non</strong></span> <span class='ocrx_word' id='word_1_1052' title='bbox 634 3243 653 3267; x_wconf 85' lang='grc' dir='ltr'><strong>ς</strong></span> <span class='ocrx_word' id='word_1_1053' title='bbox 680 3231 693 3275; x_wconf 90' lang='grc' dir='ltr'><strong>ΙΙ</strong></span> <span class='ocrx_word' id='word_1_1054' title='bbox 724 3228 812 3275; x_wconf 82' lang='grc' dir='ltr'><strong><em>πρὸς</em></strong></span> <span class='ocrx_word' id='word_1_1055' title='bbox 835 3228 877 3264; x_wconf 81' lang='grc' dir='ltr'><strong>τὸ</strong></span> <span class='ocrx_word' id='word_1_1056' title='bbox 901 3230 975 3264; x_wconf 88' lang='grc' dir='ltr'><strong>πᾶν</strong></span> <span class='ocrx_word' id='word_1_1057' title='bbox 999 3229 1060 3271; x_wconf 84' lang='grc' dir='ltr'><strong>τῆς</strong></span> <span class='ocrx_word' id='word_1_1058' title='bbox 1087 3226 1290 3270; x_wconf 80' lang='grc' dir='ltr'><strong><em>καταδίκης]</em></strong></span> 
     </span>
     <span class='ocr_line' id='line_1_111' title="bbox 215 3275 1293 3319; baseline -0.008 -3"><span class='ocrx_word' id='word_1_1059' title='bbox 215 3286 251 3316; x_wconf 84' lang='lat' dir='ltr'><strong>in</strong></span> <span class='ocrx_word' id='word_1_1060' title='bbox 274 3283 338 3315; x_wconf 83' lang='lat' dir='ltr'><strong>ista</strong></span> <span class='ocrx_word' id='word_1_1061' title='bbox 361 3278 634 3314; x_wconf 85' lang='lat' dir='ltr'><strong>condemnatione</strong></span> <span class='ocrx_word' id='word_1_1062' title='bbox 658 3289 678 3313; x_wconf 81' lang='grc' dir='ltr'><strong>ς</strong></span> <span class='ocrx_word' id='word_1_1063' title='bbox 696 3278 707 3319; x_wconf 86' lang='grc' dir='ltr'><strong>ΙΙ</strong></span> <span class='ocrx_word' id='word_1_1064' title='bbox 726 3278 764 3310; x_wconf 90' lang='grc'><strong>19</strong></span> <span class='ocrx_word' id='word_1_1065' title='bbox 787 3275 864 3309; x_wconf 82' lang='grc' dir='ltr'><strong>τῶν</strong></span> <span class='ocrx_word' id='word_1_1066' title='bbox 889 3277 966 3310; x_wconf 87' lang='lat' dir='ltr'><strong>add.</strong></span> <span class='ocrx_word' id='word_1_1067' title='bbox 994 3275 1188 3308; x_wconf 81' lang='lat' dir='ltr'><strong>Ilaloander</strong></span> <span class='ocrx_word' id='word_1_1068' title='bbox 1211 3287 1250 3308; x_wconf 75' lang='lat' dir='ltr'><strong>ex</strong></span> <span class='ocrx_word' id='word_1_1069' title='bbox 1273 3286 1293 3310; x_wconf 77' lang='grc' dir='ltr'><strong>ς</strong></span> 
     </span>
     <span class='ocr_line' id='line_1_112' title="bbox 217 3318 1291 3369; baseline -0.008 -8"><span class='ocrx_word' id='word_1_1070' title='bbox 217 3330 267 3369; x_wconf 79' lang='grc' dir='ltr'><strong>(ἐκ</strong></span> <span class='ocrx_word' id='word_1_1071' title='bbox 290 3327 370 3360; x_wconf 84' lang='grc' dir='ltr'><strong>τῶν</strong></span> <span class='ocrx_word' id='word_1_1072' title='bbox 400 3325 464 3359; x_wconf 80' lang='grc' dir='ltr'><strong>τοῦ</strong></span> <span class='ocrx_word' id='word_1_1073' title='bbox 489 3320 830 3366; x_wconf 79' lang='grc' dir='ltr'><strong><em>ἀπολιμπανομένου</em></strong></span> <span class='ocrx_word' id='word_1_1074' title='bbox 862 3318 1087 3366; x_wconf 84' lang='grc' dir='ltr'><strong><em>πραγμάτων</em></strong></span> <span class='ocrx_word' id='word_1_1075' title='bbox 1110 3320 1198 3359; x_wconf 66' lang='lat' dir='ltr'><strong>Aeli„</strong></span> <span class='ocrx_word' id='word_1_1076' title='bbox 1220 3321 1291 3353; x_wconf 82' lang='lat' dir='ltr'><strong>sim.</strong></span> 
     </span>
    </p>
   </div>
   <div class='ocr_carea' id='block_1_33' title="bbox 216 3364 1292 3416">
    <p class='ocr_par' dir='ltr' id='par_1_34' title="bbox 216 3364 1292 3416">
     <span class='ocr_line' id='line_1_113' title="bbox 216 3364 1292 3416; baseline -0.01 -9"><span class='ocrx_word' id='word_1_1077' title='bbox 216 3375 292 3416; x_wconf 64' lang='lat' dir='ltr'><strong>Iul„</strong></span> <span class='ocrx_word' id='word_1_1078' title='bbox 303 3371 398 3406; x_wconf 88' lang='grc' dir='ltr'><strong><em>Ῥοπ.</em></strong></span> <span class='ocrx_word' id='word_1_1079' title='bbox 411 3373 462 3410; x_wconf 81' lang='lat'><strong>17,</strong></span> <span class='ocrx_word' id='word_1_1080' title='bbox 471 3372 500 3411; x_wconf 85' lang='grc'><strong>3)</strong></span> <span class='ocrx_word' id='word_1_1081' title='bbox 519 3368 531 3413; x_wconf 84' lang='grc' dir='ltr'><strong>ΙΙ</strong></span> <span class='ocrx_word' id='word_1_1082' title='bbox 548 3370 589 3402; x_wconf 85' lang='grc'><strong>23</strong></span> <span class='ocrx_word' id='word_1_1083' title='bbox 599 3367 663 3401; x_wconf 81' lang='grc' dir='ltr'><strong>τὸν</strong></span> <span class='ocrx_word' id='word_1_1084' title='bbox 674 3387 710 3391; x_wconf 83' lang='grc'>-</span> <span class='ocrx_word' id='word_1_1085' title='bbox 724 3364 945 3412; x_wconf 82' lang='grc' dir='ltr'><strong><em>πράττοντα]</em></strong></span> <span class='ocrx_word' id='word_1_1086' title='bbox 958 3366 1018 3408; x_wconf 90' lang='lat' dir='ltr'><strong>qui</strong></span> <span class='ocrx_word' id='word_1_1087' title='bbox 1027 3385 1067 3388; x_wconf 97' lang='lat'><strong>—</strong></span> <span class='ocrx_word' id='word_1_1088' title='bbox 1078 3368 1241 3407; x_wconf 84' lang='lat' dir='ltr'><strong>cogantur</strong></span> <span class='ocrx_word' id='word_1_1089' title='bbox 1250 3377 1268 3400; x_wconf 80' lang='grc' dir='ltr'><strong><em>ς</em></strong></span> <span class='ocrx_word' id='word_1_1090' title='bbox 1280 3364 1292 3409; x_wconf 87' lang='grc' dir='ltr'><strong>ΙΙ</strong></span> 
     </span>
    </p>
   </div>
   <div class='ocr_carea' id='block_1_34' title="bbox 217 3405 1290 3503">
    <p class='ocr_par' dir='ltr' id='par_1_35' title="bbox 217 3405 1290 3503">
     <span class='ocr_line' id='line_1_114' title="bbox 217 3405 1290 3462; baseline -0.011 -9"><span class='ocrx_word' id='word_1_1091' title='bbox 217 3422 260 3454; x_wconf 88' lang='grc'><strong>24</strong></span> <span class='ocrx_word' id='word_1_1092' title='bbox 272 3415 466 3451; x_wconf 84' lang='grc' dir='ltr'><strong><em>καλεῖσθαι</em></strong></span> <span class='ocrx_word' id='word_1_1093' title='bbox 482 3415 530 3448; x_wconf 78' lang='lat' dir='ltr'><strong>B⁶</strong></span> <span class='ocrx_word' id='word_1_1094' title='bbox 549 3414 560 3456; x_wconf 74' lang='grc' dir='ltr'><strong>ΙΙ</strong></span> <span class='ocrx_word' id='word_1_1095' title='bbox 577 3415 619 3448; x_wconf 87' lang='grc'><strong>26</strong></span> <span class='ocrx_word' id='word_1_1096' title='bbox 631 3409 870 3455; x_wconf 79' lang='grc' dir='ltr'><strong><em>έρημοδικιῶν</em></strong></span> <span class='ocrx_word' id='word_1_1097' title='bbox 884 3412 927 3445; x_wconf 85' lang='grc' dir='ltr'><em>Μ</em></span> <span class='ocrx_word' id='word_1_1098' title='bbox 938 3410 950 3455; x_wconf 90' lang='grc' dir='ltr'><strong>ΙΙ</strong></span> <span class='ocrx_word' id='word_1_1099' title='bbox 974 3412 1018 3445; x_wconf 84' lang='grc'><strong>32</strong></span> <span class='ocrx_word' id='word_1_1100' title='bbox 1036 3405 1131 3462; x_wconf 69' lang='grc' dir='ltr'><strong><em>οὕτω</em></strong></span> <span class='ocrx_word' id='word_1_1101' title='bbox 1149 3408 1219 3457; x_wconf 80' lang='grc' dir='ltr'><strong><em>γὰρ</em></strong></span> <span class='ocrx_word' id='word_1_1102' title='bbox 1232 3411 1290 3451; x_wconf 88' lang='grc' dir='ltr'><strong>Μ]</strong></span> 
     </span>
     <span class='ocr_line' id='line_1_115' title="bbox 217 3455 1290 3503; baseline -0.01 -5"><span class='ocrx_word' id='word_1_1103' title='bbox 217 3460 330 3498; x_wconf 68' lang='grc' dir='ltr'><strong><em>οὕτως</em></strong></span> <span class='ocrx_word' id='word_1_1104' title='bbox 354 3463 451 3497; x_wconf 68' lang='grc' dir='ltr'><strong>ΕΒς</strong></span> <span class='ocrx_word' id='word_1_1105' title='bbox 468 3460 480 3503; x_wconf 87' lang='grc' dir='ltr'><strong>ΙΙ</strong></span> <span class='ocrx_word' id='word_1_1106' title='bbox 506 3461 546 3494; x_wconf 89' lang='grc'><strong>33</strong></span> <span class='ocrx_word' id='word_1_1107' title='bbox 574 3455 775 3492; x_wconf 84' lang='grc' dir='ltr'><strong><em>παύσονται</em></strong></span> <span class='ocrx_word' id='word_1_1108' title='bbox 790 3458 996 3497; x_wconf 84' lang='lat' dir='ltr'><strong>Haloander]</strong></span> <span class='ocrx_word' id='word_1_1109' title='bbox 1022 3466 1241 3492; x_wconf 84' lang='grc' dir='ltr'><strong><em>παυσοινται</em></strong></span> <span class='ocrx_word' id='word_1_1110' title='bbox 1260 3456 1290 3488; x_wconf 88' lang='lat' dir='ltr'><strong><em>L</em></strong></span> 
     </span>
    </p>
   </div>
   <div class='ocr_carea' id='block_1_35' title="bbox 217 3497 1291 3734">
    <p class='ocr_par' dir='ltr' id='par_1_36' title="bbox 217 3497 1291 3734">
     <span class='ocr_line' id='line_1_116' title="bbox 217 3497 1290 3549; baseline -0.008 -6"><span class='ocrx_word' id='word_1_1111' title='bbox 217 3506 416 3543; x_wconf 82' lang='grc' dir='ltr'><strong><em>παύσοιντο</em></strong></span> <span class='ocrx_word' id='word_1_1112' title='bbox 433 3506 507 3539; x_wconf 87' lang='grc' dir='ltr'><strong>ΜΒ</strong></span> <span class='ocrx_word' id='word_1_1113' title='bbox 525 3504 537 3549; x_wconf 83' lang='grc' dir='ltr'><strong>ΙΙ</strong></span> <span class='ocrx_word' id='word_1_1114' title='bbox 555 3501 741 3538; x_wconf 82' lang='grc' dir='ltr'><strong><em>δύνασθαι</em></strong></span> <span class='ocrx_word' id='word_1_1115' title='bbox 758 3516 814 3536; x_wconf 85' lang='lat' dir='ltr'><strong>om.</strong></span> <span class='ocrx_word' id='word_1_1116' title='bbox 830 3501 881 3536; x_wconf 78' lang='lat' dir='ltr'><strong>B!</strong></span> <span class='ocrx_word' id='word_1_1117' title='bbox 894 3501 900 3546; x_wconf 91' lang='grc' dir='ltr'>Ι</span> <span class='ocrx_word' id='word_1_1118' title='bbox 926 3497 1111 3534; x_wconf 79' lang='grc' dir='ltr'><strong><em>δύνασθαι</em></strong></span> <span class='ocrx_word' id='word_1_1119' title='bbox 1128 3498 1169 3533; x_wconf 81' lang='grc' dir='ltr'><strong><em>τὸ</em></strong></span> <span class='ocrx_word' id='word_1_1120' title='bbox 1186 3498 1290 3534; x_wconf 85' lang='grc' dir='ltr'><strong><em>πλου-</em></strong></span> 
     </span>
     <span class='ocr_line' id='line_1_117' title="bbox 217 3545 1291 3597; baseline -0.007 -10"><span class='ocrx_word' id='word_1_1121' title='bbox 217 3557 304 3595; x_wconf 83' lang='grc' dir='ltr'><strong><em>τεῖν]</em></strong></span> <span class='ocrx_word' id='word_1_1122' title='bbox 329 3552 513 3597; x_wconf 83' lang='lat' dir='ltr'><strong>potentiam</strong></span> <span class='ocrx_word' id='word_1_1123' title='bbox 537 3550 728 3583; x_wconf 82' lang='lat' dir='ltr'><strong>divitiarum</strong></span> <span class='ocrx_word' id='word_1_1124' title='bbox 754 3561 773 3585; x_wconf 82' lang='grc' dir='ltr'><strong><em>ς</em></strong></span> <span class='ocrx_word' id='word_1_1125' title='bbox 791 3547 803 3592; x_wconf 80' lang='grc' dir='ltr'><strong>ΙΙ</strong></span> <span class='ocrx_word' id='word_1_1126' title='bbox 829 3549 872 3582; x_wconf 86' lang='grc'><strong>36</strong></span> <span class='ocrx_word' id='word_1_1127' title='bbox 920 3545 1122 3587; x_wconf 85' lang='grc' dir='ltr'><strong><em>ικαζόντων</em></strong></span> <span class='ocrx_word' id='word_1_1128' title='bbox 1146 3548 1178 3579; x_wconf 82' lang='lat' dir='ltr'><strong>in</strong></span> <span class='ocrx_word' id='word_1_1129' title='bbox 1193 3547 1291 3580; x_wconf 78' lang='lat' dir='ltr'><strong>litura</strong></span> 
     </span>
     <span class='ocr_line' id='line_1_118' title="bbox 220 3591 1289 3643; baseline -0.007 -12"><span class='ocrx_word' id='word_1_1130' title='bbox 220 3601 249 3633; x_wconf 91' lang='lat' dir='ltr'><em>L</em></span> <span class='ocrx_word' id='word_1_1131' title='bbox 267 3599 280 3643; x_wconf 79' lang='grc' dir='ltr'><strong>ΙΙ</strong></span> <span class='ocrx_word' id='word_1_1132' title='bbox 297 3601 339 3634; x_wconf 88' lang='lat'><strong>38</strong></span> <span class='ocrx_word' id='word_1_1133' title='bbox 355 3599 558 3641; x_wconf 80' lang='grc' dir='ltr'><strong><em>ἐπιχωρίοις</em></strong></span> <span class='ocrx_word' id='word_1_1134' title='bbox 570 3596 618 3636; x_wconf 91' lang='grc' dir='ltr'><strong>Β]</strong></span> <span class='ocrx_word' id='word_1_1135' title='bbox 644 3595 705 3628; x_wconf 81' lang='grc' dir='ltr'><strong>ἐπὶ</strong></span> <span class='ocrx_word' id='word_1_1136' title='bbox 726 3591 844 3640; x_wconf 80' lang='grc' dir='ltr'><strong><em>χώρας</em></strong></span> <span class='ocrx_word' id='word_1_1137' title='bbox 863 3593 935 3626; x_wconf 87' lang='lat' dir='ltr'><strong>ML</strong></span> <span class='ocrx_word' id='word_1_1138' title='bbox 959 3592 1001 3624; x_wconf 88' lang='lat' dir='ltr'><strong>ad</strong></span> <span class='ocrx_word' id='word_1_1139' title='bbox 1024 3591 1212 3635; x_wconf 78' lang='lat' dir='ltr'><strong>provincias</strong></span> <span class='ocrx_word' id='word_1_1140' title='bbox 1235 3595 1289 3624; x_wconf 81' lang='lat' dir='ltr'><strong>ve·</strong></span> 
     </span>
     <span class='ocr_line' id='line_1_119' title="bbox 218 3637 1290 3686; baseline -0.008 -8"><span class='ocrx_word' id='word_1_1141' title='bbox 218 3644 387 3678; x_wconf 78' lang='lat' dir='ltr'><strong>nientibus</strong></span> <span class='ocrx_word' id='word_1_1142' title='bbox 407 3655 437 3682; x_wconf 86' lang='grc' dir='ltr'><strong>ς,</strong></span> <span class='ocrx_word' id='word_1_1143' title='bbox 458 3643 542 3675; x_wconf 83' lang='lat' dir='ltr'><strong>unde</strong></span> <span class='ocrx_word' id='word_1_1144' title='bbox 563 3642 622 3675; x_wconf 81' lang='grc' dir='ltr'><strong>ἐπὶ</strong></span> <span class='ocrx_word' id='word_1_1145' title='bbox 637 3637 755 3686; x_wconf 83' lang='grc' dir='ltr'><strong><em>χώρας</em></strong></span> <span class='ocrx_word' id='word_1_1146' title='bbox 771 3638 1071 3685; x_wconf 75' lang='grc' dir='ltr'><strong><em>παραγενομένοις</em></strong></span> <span class='ocrx_word' id='word_1_1147' title='bbox 1085 3637 1290 3678; x_wconf 83' lang='lat' dir='ltr'><strong>Haloander,</strong></span> 
     </span>
     <span class='ocr_line' id='line_1_120' title="bbox 217 3685 754 3734; baseline -0.011 -10"><span class='ocrx_word' id='word_1_1148' title='bbox 217 3692 302 3734; x_wconf 78' lang='lat' dir='ltr'><strong>vuly.</strong></span> <span class='ocrx_word' id='word_1_1149' title='bbox 321 3690 333 3733; x_wconf 83' lang='grc'><strong>11</strong></span> <span class='ocrx_word' id='word_1_1150' title='bbox 349 3691 392 3723; x_wconf 82' lang='grc'><strong>40</strong></span> <span class='ocrx_word' id='word_1_1151' title='bbox 418 3687 690 3733; x_wconf 84' lang='grc' dir='ltr'><strong><em>θεραπευμένον</em></strong></span> <span class='ocrx_word' id='word_1_1152' title='bbox 703 3685 754 3718; x_wconf 69' lang='lat' dir='ltr'><strong>B‘</strong></span> 
     </span>
    </p>
   </div>
   <div class='ocr_carea' id='block_1_36' title="bbox 1356 3361 2436 3680">
    <p class='ocr_par' dir='ltr' id='par_1_37' title="bbox 1356 3361 2436 3680">
     <span class='ocr_line' id='line_1_121' title="bbox 1359 3361 2436 3447; baseline -0.004 -49"><span class='ocrx_word' id='word_1_1153' title='bbox 1359 3365 1525 3398; x_wconf 78' lang='lat' dir='ltr'><strong>modicum</strong></span> <span class='ocrx_word' id='word_1_1154' title='bbox 1542 3364 1593 3397; x_wconf 69' lang='lat' dir='ltr'><strong>Ra</strong></span> <span class='ocrx_word' id='word_1_1155' title='bbox 1603 3364 1651 3397; x_wconf 80' lang='lat'><strong>1⁷²</strong></span> <span class='ocrx_word' id='word_1_1156' title='bbox 1685 3363 1907 3396; x_wconf 77' lang='lat' dir='ltr'><strong>heremodicui</strong></span> <span class='ocrx_word' id='word_1_1157' title='bbox 1929 3363 1974 3395; x_wconf 79' lang='lat' dir='ltr'><strong>V·</strong></span> <span class='ocrx_word' id='word_1_1158' title='bbox 2003 3362 2016 3406; x_wconf 71' lang='grc' dir='ltr'><strong>ΙΙ</strong></span> <span class='ocrx_word' id='word_1_1159' title='bbox 2045 3364 2087 3396; x_wconf 87' lang='grc'><strong>28</strong></span> <span class='ocrx_word' id='word_1_1160' title='bbox 2111 3362 2244 3404; x_wconf 81' lang='lat' dir='ltr'><strong>quidem</strong></span> <span class='ocrx_word' id='word_1_1161' title='bbox 2269 3374 2328 3395; x_wconf 83' lang='lat' dir='ltr'><strong>om.</strong></span> <span class='ocrx_word' id='word_1_1162' title='bbox 2352 3362 2401 3395; x_wconf 76' lang='lat'><strong>1⁷¹</strong></span> <span class='ocrx_word' id='word_1_1163' title='bbox 2423 3361 2436 3447; x_wconf 74' lang='grc' dir='ltr'><strong>ΙΙ</strong></span> 
     </span>
     <span class='ocr_line' id='line_1_122' title="bbox 1360 3407 2388 3452; baseline -0.004 -8"><span class='ocrx_word' id='word_1_1164' title='bbox 1360 3411 1402 3445; x_wconf 87' lang='grc'><strong>29</strong></span> <span class='ocrx_word' id='word_1_1165' title='bbox 1427 3420 1625 3452; x_wconf 83' lang='lat' dir='ltr'><strong>quemquam</strong></span> <span class='ocrx_word' id='word_1_1166' title='bbox 1657 3410 1835 3451; x_wconf 76' lang='lat' dir='ltr'><strong>(quoquam</strong></span> <span class='ocrx_word' id='word_1_1167' title='bbox 1868 3408 1929 3449; x_wconf 73' lang='lat'><strong>1⁷¹)</strong></span> <span class='ocrx_word' id='word_1_1168' title='bbox 1960 3408 2048 3450; x_wconf 87' lang='lat' dir='ltr'><strong>RV]</strong></span> <span class='ocrx_word' id='word_1_1169' title='bbox 2084 3408 2271 3450; x_wconf 81' lang='lat' dir='ltr'><strong>quempiam</strong></span> <span class='ocrx_word' id='word_1_1170' title='bbox 2302 3407 2388 3451; x_wconf 76' lang='lat' dir='ltr'><strong>oulq.</strong></span> 
     </span>
     <span class='ocr_line' id='line_1_123' title="bbox 1360 3452 2434 3498; baseline -0.005 -8"><span class='ocrx_word' id='word_1_1171' title='bbox 1360 3458 1402 3491; x_wconf 89' lang='grc'><strong>30</strong></span> <span class='ocrx_word' id='word_1_1172' title='bbox 1415 3457 1547 3497; x_wconf 82' lang='lat' dir='ltr'><strong>*reumJ</strong></span> <span class='ocrx_word' id='word_1_1173' title='bbox 1568 3466 1642 3488; x_wconf 90' lang='lat' dir='ltr'><strong>eum</strong></span> <span class='ocrx_word' id='word_1_1174' title='bbox 1663 3454 1783 3498; x_wconf 76' lang='lat' dir='ltr'><strong>Vvulq.</strong></span> <span class='ocrx_word' id='word_1_1175' title='bbox 1800 3464 1874 3486; x_wconf 89' lang='lat' dir='ltr'><strong>eum</strong></span> <span class='ocrx_word' id='word_1_1176' title='bbox 1887 3452 1945 3495; x_wconf 92' lang='lat' dir='ltr'><strong>qui</strong></span> <span class='ocrx_word' id='word_1_1177' title='bbox 1959 3453 1992 3486; x_wconf 87' lang='lat' dir='ltr'><strong><em>R</em></strong></span> <span class='ocrx_word' id='word_1_1178' title='bbox 2007 3453 2019 3497; x_wconf 84' lang='grc' dir='ltr'><strong>ΙΙ</strong></span> <span class='ocrx_word' id='word_1_1179' title='bbox 2039 3455 2078 3487; x_wconf 87' lang='grc'><strong>31</strong></span> <span class='ocrx_word' id='word_1_1180' title='bbox 2096 3452 2297 3495; x_wconf 80' lang='lat' dir='ltr'><strong>*temperati</strong></span> <span class='ocrx_word' id='word_1_1181' title='bbox 2312 3453 2434 3493; x_wconf 80' lang='lat' dir='ltr'><strong>omnes]</strong></span> 
     </span>
     <span class='ocr_line' id='line_1_124' title="bbox 1358 3497 2434 3544; baseline -0.004 -10"><span class='ocrx_word' id='word_1_1182' title='bbox 1358 3501 1611 3544; x_wconf 84' lang='lat' dir='ltr'><strong>temperationes</strong></span> <span class='ocrx_word' id='word_1_1183' title='bbox 1624 3500 1656 3534; x_wconf 90' lang='lat' dir='ltr'><strong><em>R</em></strong></span> <span class='ocrx_word' id='word_1_1184' title='bbox 1679 3499 1926 3542; x_wconf 83' lang='lat' dir='ltr'><strong>temperatiores</strong></span> <span class='ocrx_word' id='word_1_1185' title='bbox 1948 3499 2068 3543; x_wconf 77' lang='lat' dir='ltr'><strong>Vvulq.</strong></span> <span class='ocrx_word' id='word_1_1186' title='bbox 2087 3497 2100 3542; x_wconf 91' lang='grc' dir='ltr'><strong>ΙΙ</strong></span> <span class='ocrx_word' id='word_1_1187' title='bbox 2126 3498 2173 3531; x_wconf 85' lang='lat' dir='ltr'><strong>sie</strong></span> <span class='ocrx_word' id='word_1_1188' title='bbox 2193 3498 2340 3541; x_wconf 85' lang='lat' dir='ltr'><strong>peceare]</strong></span> <span class='ocrx_word' id='word_1_1189' title='bbox 2362 3507 2434 3540; x_wconf 83' lang='lat' dir='ltr'><strong>spe-</strong></span> 
     </span>
     <span class='ocr_line' id='line_1_125' title="bbox 1357 3541 2432 3586; baseline -0.005 -7"><span class='ocrx_word' id='word_1_1190' title='bbox 1357 3549 1446 3579; x_wconf 87' lang='lat' dir='ltr'><strong>ctare</strong></span> <span class='ocrx_word' id='word_1_1191' title='bbox 1460 3547 1509 3580; x_wconf 66' lang='lat' dir='ltr'><strong>R*</strong></span> <span class='ocrx_word' id='word_1_1192' title='bbox 1523 3549 1536 3586; x_wconf 86' lang='grc' dir='ltr'><strong>ΙΙ</strong></span> <span class='ocrx_word' id='word_1_1193' title='bbox 1556 3547 1598 3580; x_wconf 88' lang='grc'><strong>32</strong></span> <span class='ocrx_word' id='word_1_1194' title='bbox 1611 3545 1750 3578; x_wconf 81' lang='lat' dir='ltr'><strong>cessabit</strong></span> <span class='ocrx_word' id='word_1_1195' title='bbox 1769 3544 1822 3578; x_wconf 80' lang='lat'><strong>1⁷⁰</strong></span> <span class='ocrx_word' id='word_1_1196' title='bbox 1837 3544 1850 3585; x_wconf 85' lang='grc' dir='ltr'><strong>ΙΙ</strong></span> <span class='ocrx_word' id='word_1_1197' title='bbox 1867 3543 2049 3586; x_wconf 84' lang='lat' dir='ltr'><strong>potentiam</strong></span> <span class='ocrx_word' id='word_1_1198' title='bbox 2066 3543 2126 3584; x_wconf 71' lang='lat'><strong>17²]</strong></span> <span class='ocrx_word' id='word_1_1199' title='bbox 2140 3542 2364 3586; x_wconf 84' lang='lat' dir='ltr'><strong>potentiarum</strong></span> <span class='ocrx_word' id='word_1_1200' title='bbox 2387 3541 2432 3575; x_wconf 80' lang='lat'><strong>17¹</strong></span> 
     </span>
     <span class='ocr_line' id='line_1_126' title="bbox 1356 3585 2432 3634; baseline -0.006 -10"><span class='ocrx_word' id='word_1_1201' title='bbox 1356 3591 1522 3634; x_wconf 85' lang='lat' dir='ltr'><strong>potentias</strong></span> <span class='ocrx_word' id='word_1_1202' title='bbox 1534 3591 1567 3624; x_wconf 88' lang='lat' dir='ltr'><em>R</em></span> <span class='ocrx_word' id='word_1_1203' title='bbox 1582 3591 1595 3634; x_wconf 86' lang='grc' dir='ltr'><strong>ΙΙ</strong></span> <span class='ocrx_word' id='word_1_1204' title='bbox 1620 3592 1662 3624; x_wconf 89' lang='grc'><strong>35</strong></span> <span class='ocrx_word' id='word_1_1205' title='bbox 1682 3588 1818 3622; x_wconf 85' lang='lat' dir='ltr'><strong>tutelam</strong></span> <span class='ocrx_word' id='word_1_1206' title='bbox 1833 3589 1865 3621; x_wconf 86' lang='lat' dir='ltr'><em>R</em></span> <span class='ocrx_word' id='word_1_1207' title='bbox 1883 3587 1896 3632; x_wconf 75' lang='grc' dir='ltr'><strong>ΙΙ</strong></span> <span class='ocrx_word' id='word_1_1208' title='bbox 1918 3590 1960 3623; x_wconf 89' lang='grc'><strong>38</strong></span> <span class='ocrx_word' id='word_1_1209' title='bbox 1983 3589 2067 3631; x_wconf 82' lang='lat' dir='ltr'><strong>legis</strong></span> <span class='ocrx_word' id='word_1_1210' title='bbox 2090 3589 2218 3623; x_wconf 84' lang='lat' dir='ltr'><strong>ratione</strong></span> <span class='ocrx_word' id='word_1_1211' title='bbox 2237 3588 2271 3621; x_wconf 88' lang='lat' dir='ltr'><em>R</em></span> <span class='ocrx_word' id='word_1_1212' title='bbox 2288 3587 2301 3632; x_wconf 88' lang='grc' dir='ltr'><strong>ΙΙ</strong></span> <span class='ocrx_word' id='word_1_1213' title='bbox 2318 3589 2360 3622; x_wconf 85' lang='grc'><strong>39</strong></span> <span class='ocrx_word' id='word_1_1214' title='bbox 2378 3585 2432 3628; x_wconf 75' lang='lat' dir='ltr'><strong>ad]</strong></span> 
     </span>
     <span class='ocr_line' id='line_1_127' title="bbox 1357 3634 1965 3680; baseline -0.007 -10"><span class='ocrx_word' id='word_1_1215' title='bbox 1357 3639 1417 3670; x_wconf 86' lang='lat' dir='ltr'><strong>aut</strong></span> <span class='ocrx_word' id='word_1_1216' title='bbox 1437 3637 1488 3670; x_wconf 76' lang='lat'><strong>1⁷⁶</strong></span> <span class='ocrx_word' id='word_1_1217' title='bbox 1504 3637 1517 3680; x_wconf 84' lang='grc' dir='ltr'><strong>ΙΙ</strong></span> <span class='ocrx_word' id='word_1_1218' title='bbox 1534 3638 1698 3677; x_wconf 87' lang='lat' dir='ltr'><strong>sanatum]</strong></span> <span class='ocrx_word' id='word_1_1219' title='bbox 1722 3635 1747 3667; x_wconf 83' lang='lat' dir='ltr'><strong>si</strong></span> <span class='ocrx_word' id='word_1_1220' title='bbox 1774 3637 1889 3667; x_wconf 87' lang='lat' dir='ltr'><strong>natum</strong></span> <span class='ocrx_word' id='word_1_1221' title='bbox 1914 3634 1965 3667; x_wconf 77' lang='lat' dir='ltr'><strong>V⁰</strong></span> 
     </span>
    </p>
   </div>
  </div>
 </body>
</html>
