2592 3840
244 78 352 127 Nov.
383 84 530 127 XXXI
560 87 598 127 2.
630 82 655 127 3

1325 75 1410 127 238

1814 93 1874 125 DE
1902 93 2207 126 DISPOSI'I'IONE
2234 93 2475 134 QUATTUOR

1247 216 1402 253 CAPUT
1427 217 1474 252 11.

301 273 447 308 Τούτων
469 277 592 308 τοίνυν
615 270 728 306 οὕτως
758 270 843 316 ἡμῖν
867 270 1161 319 διατεταγμένων
1188 271 1328 307 κάκεῖνο

251 318 495 364 προςδιορίσαι
520 318 660 353 δίκαιον
682 320 737 351 ἔτι
761 319 964 362 νομίζομεν,
996 316 1057 364 ἐφ’
1079 310 1109 361 ᾧ
1126 319 1330 364 προστῆσαι

251 366 311 407 τῆς
342 368 462 418 τρίτης
486 362 667 410 Ἀρμενίας
697 360 811 408 ἄνδρα
842 360 987 406 σεμνόν,
1018 361 1268 410 ὑπουργηκότα
1289 376 1330 397 τε

250 406 334 453 ἡμῖν
357 423 379 452 η
403 422 424 451 η
449 411 507 442 καὶ
532 408 634 448 ἄξιον
657 409 720 441 τοῦ
744 409 805 449 τῆς
828 405 1062 462 ἀρχῆςὶὅγκου
1092 411 1153 442 καὶ
1177 407 1330 453 προσχή-

1442 272 1508 308 His
1527 272 1635 318 igitur
1654 272 1707 307 sic
1728 281 1750 307 a
1771 271 1874 307 nobis
1893 271 2067 308 ordinatis
2089 272 2178 308 illud
2197 282 2337 318 quoque
2355 272 2472 310 deter-

1397 317 1534 353 minare
1562 317 1698 353 iustum
1726 317 1773 352 ad
1803 317 1892 352 haec
1921 319 2107 362 putamus,
2142 320 2184 353 ut
2212 327 2474 370 praeponamus

1398 363 1527 398 tertiae
1558 361 1748 398 Armeniae
1776 361 1891 397 virum
1919 362 2073 397 nobilem
2104 365 2141 398 et
2171 373 2233 408 qui
2262 363 2475 400 ministravit

1398 408 1502 443 nobis
1526 408 1597 443 iam
1620 410 1657 443 et
1681 407 1825 451 dignum
1849 406 1992 451 fastigio
2018 407 2148 452 cinguli
2171 410 2208 443 et
2229 407 2376 453 figurae.
2413 408 2474 444 In-

250 464 372 498 ματος.
419 452 593 499 Εὑρόντες
616 456 740 486 τοίνυν
758 454 894 497 Θωμαν
909 466 977 487 τον
993 452 1329 507 μεγαλοπρεπέστα-
1365 457 1384 489 5
1398 453 1580 488 venientes
1599 453 1706 497 igitur
1727 452 1901 488 Thomam
1920 452 2307 496 magnificentissimum
2328 452 2388 498 qui
2403 453 2474 489 inm

249 512 316 533 τον
339 497 405 541 ἤδη
428 501 495 542 μὲν
525 497 629 544 ἀρχὰς
661 499 721 531 ἐπὶ
743 497 805 540 τῆς
825 496 1023 542 Ἀρμενίων
1051 495 1239 533 ἀνυσαντα
1255 511 1328 552 χω-

251 556 331 587 ρας,
362 546 422 577 καὶ
445 541 558 577 τᾶλλα
589 541 628 576 δὲ
661 540 777 595 ἄνδρα
799 543 955 587 χρηστὸν
985 546 1045 577 καὶ
1067 547 1223 590 γνησίως
1246 546 1330 588 ημῖν

249 586 569 634 ὑπηρετησάμενόν
592 600 632 621 τε
655 589 715 620 καὶ
737 586 1038 633 υπηρετούμενον,
1063 585 1175 623 αὐτὸν
1199 590 1260 623 ἐπὶ
1283 589 1328 635 τῇ

250 636 311 676 τῆς
333 630 438 679 ἀρχῆς
459 631 589 675 ταύτης
612 630 899 685 προβαλλόμεθα
923 631 1106 676 διοικήσει,
1133 630 1221 668 ὥςτε
1240 635 1330 667 τέως

250 681 316 722 μὲν
348 690 430 730 της·
443 680 612 723 ἐπαρχίας
646 675 778 719 ταύτης
809 678 978 723 ηγεῖσθαι
1010 677 1103 712 κατὰ
1134 677 1176 713 τὸ
1202 678 1330 732 ,ῥηθὲν
1346 681 1384 713 10

250 721 335 767 ἡμῖν
365 734 500 766 σχημα,
533 725 701 767 προνοεῖν
733 720 773 755 δὲ
799 725 861 756 καὶ
891 723 970 757 τῶν
1001 722 1122 758 ἄλλων
1142 721 1261 759 ὃποσα
1284 720 1329 757 ἂν

251 766 349 810 αὐτῷ
371 766 415 810 [ἢ]
437 766 495 801 διὰ
517 767 636 800 θείων
656 768 916 814 ἐπιτρέψαιμεν
937 768 1239 804 commonitorimv
1258 768 1330 802 εἴτε

250 815 310 847 ἐπὶ
333 814 394 854 τῆς
420 814 590 856 ἐπαρχίας
615 809 660 854 ἣν
692 809 791 855 αὐτῷ
825 811 1137 859 παραδεδώκαμεν
1169 814 1239 848 εἴτε
1269 816 1329 847 καὶ

250 855 310 893 ἐπ’
337 856 474 891 ἄλλαις·
510 855 599 901 ὅπερ
631 859 691 891 καὶ
723 856 958 904 πεπράχαμεν
988 859 1076 892 θἐῖα
1105 859 1193 904 πρὸς
1217 855 1329 892 αὐτὸν

1399 498 1540 542 quidem
1563 497 1885 533 administrationes
1908 497 1946 532 in
1965 497 2212 533 Armeniorum
2235 498 2308 542 egit
2329 497 2474 551 provin·

1399 543 1465 586 cia,
1490 546 1528 579 et
1543 543 1581 578 in
1605 543 1683 578 aliis
1709 552 1850 587 quoque
1868 542 1982 577 virum
2007 542 2179 622 optimum
2202 546 2238 578 et
2259 542 2320 587 qui
2338 546 2476 595 integre

1398 588 1502 623 nobis
1525 587 1738 623 ministravit
1761 593 1797 622 et
1816 587 2004 631 ministrat,
2054 598 2125 623 unc
2143 588 2182 622 in
2198 587 2474 624 administratio-

1398 633 1453 668 nis
1485 632 1592 668 huius
1618 632 1866 668 constituimus
1890 633 2074 677 regimine,
2106 635 2147 667 ut
2168 632 2311 668 interim
2335 632 2475 678 quidem

1397 677 1601 757 provinciae
1631 677 1692 712 isti
1719 677 1923 722 praesideat
1953 677 2147 713 secundum
2171 677 2303 714 dictam
2327 687 2350 713 a
2371 677 2475 714 nobis

1425 732 1560 767 guram,
1585 721 1770 767 provideat
1792 724 1911 758 autem
1935 722 2043 758 etiam
2063 722 2214 758 aliorum
2233 732 2476 768 quaecumque

1398 768 1432 802 ei
1454 777 1519 812 per
1538 777 1644 803 sacra
1666 766 1923 802 iniunxerimus
1947 767 2216 803 commonitoria
2237 768 2312 803 sive
2334 768 2371 803 in
2391 777 2475 814 pro-

1398 812 1516 847 vincia
1545 822 1652 857 quam
1683 812 1921 847 commisimus
1953 811 2026 848 sive
2048 812 2156 847 etiam
2185 812 2223 847 in
2247 813 2347 858 aliis;
2380 812 2477 858 quod

1398 861 1434 892 et
1456 857 1592 900 egimus
1617 866 1722 892 sacra
1752 857 1799 892 ad
1827 867 1908 892 eum
1937 856 2109 892 facientes
2132 857 2403 894 commonitoria
2431 857 2476 893 de

250 905 483 957 πεποιημένοι
500 902 770 937 commonitoria
790 906 871 949 περὶ
894 902 1042 938 πολλῶν
1061 907 1121 938 καὶ
1142 902 1330 957 διαφόρων
1345 904 1384 938 15
1397 903 1519 937 multis
1553 905 1588 937 et
1617 900 1764 936 diversis
1788 901 1948 944 actibus,
1981 911 2072 946 quos
2104 911 2185 937 eum
2209 902 2315 938 etiam
2342 902 2383 938 in
2404 901 2477 937 alia

249 947 427 993 πραξεων,
457 944 550 992 ἅπερ
575 945 688 982 αὐτὸν
710 950 771 981 καὶ
794 948 842 982 εἰς
865 948 986 995 ἑτέρας
1013 947 1132 995 χώρας
1154 950 1330 994 προςῆκον

249 995 269 1027 1
316 995 417 1026 ἐστιν
436 993 483 1025 εἰς
502 995 609 1039 ἔργον
625 990 781 1039 ἀγαγεῖν.
836 991 884 1026 Τὰ
900 996 1027 1037 μέντοι
1046 997 1128 1039 περὶ
1147 992 1209 1027 τὰς
1230 992 1328 1039 ἱερω-

249 1034 367 1078 σύνας,
392 1036 494 1071 καθὰ
514 1035 682 1071 πολλάκις
704 1035 827 1084 εἰρὴκα
855 1051 904 1079 εν,
929 1041 1053 1082 μένειν
1073 1038 1166 1073 κατὰ
1184 1037 1226 1072 τὸ
1243 1035 1328 1083 πρό-

248 1095 354 1128 τερον
377 1081 587 1126 βουλόμεθα
610 1083 740 1127 σχῆμα,
771 1052 878 1117 οὐδ’ἐν
906 1083 989 1118 οὔτε
1019 1086 1102 1130 περὶ
1130 1083 1172 1118 τὸ
1200 1096 1328 1137 μητρο-

250 1126 438 1162 πολιτικὸν
458 1126 599 1161 δίκαιον
618 1126 700 1161 οὔτε
716 1139 763 1163 πε

248 1183 359 1215 ματος
374 1170 610 1217 ἀμειβομένου
626 1169 648 1215 ἢ
668 1141 925 1216 καινιΞομένου,
947 1172 1036 1207 αλλὰ
1056 1175 1132 1208 τῶν
1152 1186 1329 1219 προτερον

247 1215 553 1263 χειροτονούντων
579 1220 640 1251 καὶ
663 1218 730 1252 νῦν
754 1217 916 1260 ἐχόντων
938 1217 1006 1261 τὴν
1031 1219 1093 1261 τῆς
1112 1222 1330 1264 χειροτονίας

249 1262 424 1305 ἐξουσίαν,
455 1265 516 1296 καὶ
543 1264 622 1298 τῶν
653 1266 843 1311 προτέρων
872 1262 1152 1309 μητροπολιτῶν
1183 1265 1243 1298 ἐπὶ
1270 1264 1331 1318 τῆς

247 1308 390 1341 ἑαυτῶν
412 1306 602 1352 μενόντων
624 1305 775 1350 τάξεως,
801 1305 890 1343 ὥςτε
911 1306 1025 1352 μηδὲν
1048 1307 1091 1342 τό
1114 1322 1154 1355 γε
1180 1306 1241 1344 ἐπ’
1269 1321 1329 1342 αυ-

248 1355 326 1386 ταῖς
349 1353 596 1396 καινισθῆναι.

1400 947 1585 992 provincia
1609 946 1779 991 competit
1801 946 1848 981 ad
1871 945 2037 982 effectum
2064 946 2272 991 perducere.

1397 994 1419 1028 1
1465 992 1565 1036 Quae
1587 995 1708 1027 tamen
1729 991 1773 1027 de
1796 991 2006 1027 sacerdotiis
2026 995 2120 1035 sunt,
2144 991 2240 1027 sicut
2258 1000 2366 1036 saepe
2385 990 2475 1028 dixi-

1398 1048 1493 1080 mus,
1528 1046 1673 1072 manere
1706 1036 1902 1072 secundum
1932 1036 2032 1081 prius
2066 1036 2228 1072 volumus
2260 1037 2405 1073 schema
2436 1036 2477 1073 in

1398 1083 1495 1118 nullo
1525 1091 1641 1126 neque
1672 1081 1716 1116 de
1747 1081 1979 1126 metropolico
2011 1081 2089 1117 iure
2120 1091 2236 1127 neque
2267 1082 2310 1118 de
2333 1081 2475 1118 ordina-

787 1127 882 1163 ὶτὰς
899 1133 1117 1185 χειροτονίας
1135 1130 1200 1162 τοῦ
1212 1141 1327 1182 ’πραγ-
1344 1130 1384 1162 20
1397 1127 1556 1163 tionibus
1593 1135 1706 1162 causa
1741 1130 1879 1162 mutata
1912 1128 1978 1162 aut
2010 1126 2190 1170 innovata,
2226 1126 2290 1163 sed
2322 1126 2380 1162 his
2414 1126 2477 1180 qui

1397 1172 1499 1218 prius
1523 1172 1738 1208 ordinabant
1759 1171 1869 1208 etiam
1889 1182 1988 1207 nunc
2006 1171 2221 1207 habentibus
2241 1171 2476 1208 ordinationis

1398 1220 1624 1262 potestatem,
1649 1220 1686 1252 et
1702 1216 1882 1261 prioribus
1902 1216 2136 1262 metropolitis
2158 1216 2196 1252 in
2215 1227 2282 1253 suo
2300 1216 2475 1252 manenti-

1400 1264 1467 1299 bus
1491 1262 1626 1304 ordine,
1654 1264 1696 1296 ut
1718 1261 1808 1297 nihil
1831 1265 2004 1307 quantum
2027 1261 2075 1297 ad
2097 1262 2164 1298 has
2186 1262 2393 1299 innovatum
2415 1261 2474 1298 sit.

1235 1441 1393 1479 CAPUT
1421 1441 1487 1477 111.

303 1498 437 1533 Ἐκεῖνο
475 1503 599 1544 μέντοι
638 1502 715 1535 τῶν
754 1498 1091 1548 ἀνωμολογημένων
1127 1502 1245 1543 ἐστίν,
1283 1498 1332 1533 ὠς

250 1542 443 1591 ἐπειδήπερ
463 1544 528 1579 τὸν
548 1547 610 1588 τῆς
627 1549 749 1592 τρίτης
768 1543 953 1591 Ἀρμενίας
974 1543 1114 1590 κόμητα
1132 1542 1173 1579 οὗ
1193 1543 1330 1580 πολιτι-

249 1589 314 1624 κὸν
336 1589 463 1633 μόνον,
495 1588 585 1624 ἀλλὰ
616 1593 676 1624 καὶ
707 1589 973 1634 στρατιωτικὸν
1001 1588 1248 1635 πεποιήκαμεν
1271 1588 1330 1636 ἄρ-

248 1648 377 1677 χοντα,
402 1632 606 1690 ἀναγκαίως
636 1638 731 1678 ἔχειν
767 1639 826 1669 καὶ
861 1633 942 1670 τοὺς
972 1634 1199 1681 στρατιώτας
1228 1632 1328 1678 αὐτῷ

1443 1497 1536 1533 Illud
1561 1508 1701 1543 quoque
1723 1487 1922 1544 palam¹est
1948 1501 2000 1543 ut,
2032 1498 2117 1544 quia
2138 1497 2271 1533 tertiae
2287 1496 2478 1532 Armeniae

1400 1543 1564 1578 comitem
1596 1554 1668 1579 non
1699 1544 1851 1579 civilium
1880 1545 2013 1588 solum,
2045 1544 2108 1579 sed
2139 1543 2246 1578 etiam
2273 1542 2476 1578 militarium

1399 1588 1549 1624 fecimus
1572 1589 1743 1632 iudicem,
1777 1589 1979 1624 necessario
2003 1589 2135 1625 habeat
2161 1590 2199 1624 et
2220 1587 2350 1623 milites
2371 1588 2410 1622 in
2433 1596 2478 1623 ea

1398 1633 1582 1678 provincia
1603 1634 1798 1670 collocatos
1819 1634 1888 1670 sibi
1910 1634 2104 1676 subiectos,
2129 1633 2308 1669 licentiam
2327 1632 2476 1675 habens,

249 1679 331 1714 τοὺς
349 1693 418 1714 κατ
450 1678 562 1723 αὐτην
583 1678 788 1727 ἱδρυμένους
807 1678 1038 1723 ὑποκεῖσθαι,
1060 1679 1184 1715 ἄδειαν
1199 1683 1329 1723 ἔχοντι,
1344 1682 1386 1714 30
1399 1678 1494 1715 sicut
1517 1679 1730 1715 militaribus
1760 1679 1938 1716 iudicibus
1969 1679 2187 1722 conceditur,
2219 1681 2256 1714 et
2277 1678 2325 1714 ad
2346 1686 2477 1713 nomen

249 1724 353 1759 καθὰ
385 1728 458 1759 τοῖς
482 1729 755 1773 στρατιωτικοῖς
783 1724 954 1772 ἄρχουσιν
977 1727 1125 1771 ἐφεῖται,
1157 1728 1217 1759 καὶ
1241 1726 1330 1768 πρὸς

249 1769 365 1814 ὄνομα
388 1768 511 1804 καλεῖν
535 1768 662 1805 αὐτοὺς
684 1774 744 1805 καὶ
768 1772 952 1814 ἐπιζητεῖν
975 1774 1034 1804 καὶ
1058 1773 1227 1817 προνοεῖν
1249 1772 1329 1804 τῶν

250 1815 430 1858 σιτήσεων
458 1813 583 1850 αὐτῶν
612 1819 673 1849 καὶ
697 1816 875 1856 ἐπεξιέναι
904 1818 976 1850 τοῖς
998 1812 1082 1849 κατ’
1110 1812 1251 1855 αὐτούς,
1283 1815 1328 1849 εἴ-

1397 1734 1527 1760 vocare
1553 1734 1613 1760 eos
1645 1728 1681 1760 et
1707 1725 1888 1769 requirere
1911 1727 1947 1760 et
1967 1724 2156 1770 providere
2178 1723 2329 1759 annonis
2353 1732 2476 1758 eorum

1397 1772 1435 1805 et
1457 1770 1584 1814 exequi
1604 1779 1700 1823 quae
1724 1773 1849 1823 contra
1872 1779 1934 1805 eos
1958 1771 2054 1813 sunt,
2085 1769 2117 1804 si
2138 1768 2324 1823 laeserint,
2354 1770 2392 1803 et
2412 1776 2476 1803 ne-

1397 1824 1467 1859 que
1501 1818 1707 1859 permittere
1740 1815 1869 1856 mihtes
1903 1823 2034 1850 nocere
2067 1813 2257 1858 subiect1s3
2292 1823 2326 1849 si
2354 1815 2477 1848 tamen

250 1873 318 1906 περ
342 1858 509 1903 ἀδικοῖεν,
540 1863 601 1893 καὶ
623 1859 673 1906 μή
696 1875 733 1895 τι
764 1864 959 1907 συγχωρεῖν
991 1863 1065 1894 τοῖς
1088 1860 1329 1906 στρατιώταις
1396 1859 1530 1905 aliquid
1543 1860 1680 1905 egerint
1695 1862 1732 1896 et
1747 1859 1999 1902 vehementius,
2016 1859 2122 1895 etiam
2137 1858 2338 1894 criminales
2352 1857 2477 1894 audire

250 1904 387 1939 ἀδικεῖν
405 1904 486 1939 τοὺς
504 1900 691 1948 ὑπηκόους,
712 1907 744 1939 εἰ
764 1904 806 1940 δέ
824 1919 861 1939 τι
882 1904 1057 1958 πράξαιεν
1073 1903 1327 1958 σφοδρότερον,
1341 1906 1384 1940 35
1398 1914 1538 1947 causas,
1570 1905 1601 1941 si
1624 1905 1796 1941 militares
1820 1906 1909 1948 sint,
1941 1907 1977 1939 et
1999 1904 2119 1940 omnia.
2152 1913 2259 1948 agere
2285 1912 2475 1949 quaecum-

249 1953 311 1984 καὶ
335 1949 606 1997 ἐγκληματικῶν
628 1949 834 1997 ἀκροᾶσθαι
858 1948 981 1991 δικῶν,
1006 1964 1074 1984 καν
1098 1952 1128 1984 εἰ
1150 1962 1326 1997 στρατιω-

250 2008 313 2029 ται
335 1993 607 2038 καθεστήκοιεν,
638 1999 699 2030 καὶ
727 1993 875 2031 ἅπαντα
908 1995 1081 2041 πράττειν
1091 1993 1225 2049 (ὁπόσα
1254 1999 1328 2030 τοῖς

1396 1960 1465 1995 que
1486 1950 1700 1986 militaribus
1725 1951 1883 1986 dedimus
1906 1949 2095 1988 iudicibus.
2133 1949 2184 1984 Et
2201 1949 2295 1984 sicut
2315 1948 2477 1984 Isauriae

1398 1995 1519 2031 comiti
1546 1999 1583 2031 et
1605 1995 1823 2031 Pacatianae
1846 1995 2021 2041 Phrygiae
2047 2004 2115 2030 nec
2137 2005 2211 2030 non
2239 1997 2277 2029 et
2301 1993 2476 2039 praetori-

251 2043 523 2087 στρατιωτικοῖς
545 2039 754 2094 δεδώκαμεν
778 2040 956 2094 ᾇρχουσιν.
997 2044 1057 2074 καὶ
1078 2038 1194 2088 ω’ςπερ
1212 2041 1266 2085 τῷ
1287 2054 1328 2075 τε
1395 2041 1463 2076 bus
1486 2041 1689 2087 Lycaoniae
1719 2043 1756 2077 et
1780 2041 1935 2076 Pisidiae
1963 2043 1999 2075 et
2022 2039 2199 2075 Thraciae
2227 2043 2265 2075 et
2289 2039 2476 2075 militarem

247 2082 420 2140 Ἰσαυρίας
451 2083 581 2130 κόμητι
604 2099 658 2130 τῳ
689 2099 729 2120 τε
756 2097 816 2129 της
840 2087 1070 2129 Πακατιανῆς
1095 2088 1251 2133 Φρυγίας
1270 2089 1329 2120 καὶ

240 2142 340 2176 ,προς
368 2143 409 2177 γε
443 2134 517 2165 τοῖς
548 2135 753 2179 πραίτωρσι
773 2133 979 2165 Λυκαονίας
1009 2144 1051 2165 τε
1079 2135 1141 2165 καὶ
1165 2129 1334 2165 Πισιδίας
1345 2133 1388 2166 40

385 2221 432 2257 Π.
479 2221 551 2257 His
572 2222 686 2274 iqitur
708 2223 759 2257 ita
784 2233 807 2256 a
830 2222 935 2257 nobis
957 2221 1144 2268 dispositis
1165 2219 1258 2255 illud
1280 2230 1426 2266 quoque
1441 2222 1641 2266 praeterea
1664 2219 1816 2272 definire
1837 2219 1954 2254 satius
1981 2219 2154 2262 ducimus,
2178 2222 2220 2254 ut
2237 2218 2478 2265 praeficiatur

252 2268 381 2302 tertiae
391 2268 583 2302 Armeniae
605 2277 660 2302 vir
682 2266 807 2318 qravis
830 2271 866 2302 et
888 2266 952 2312 qui
974 2266 1080 2302 nobis
1101 2266 1175 2318 iam
1195 2275 1345 2317 operam
1361 2265 1594 2318 praestiterit
1614 2268 1652 2301 et
1670 2264 1803 2317 dianus
1824 2264 1887 2316 sit·
1892 2264 2086 2311 potestatis
2099 2263 2270 2316 pondere
2291 2268 2327 2299 et
2345 2264 2475 2315 specie.
2498 2265 2502 2266 ⁷

254 2313 338 2348 Cum
366 2312 481 2358 iqitur
514 2311 685 2347 Tbomam
718 2322 834 2347 viram
866 2311 1260 2358 maqnificentissimum
1294 2320 1535 2346 invenerimus
1567 2310 1642 2345 iam
1671 2320 1711 2345 tn
1739 2310 1991 2346 Armeniorum
2025 2319 2176 2355 reqione
2204 2308 2478 2356 magistratibus

250 2358 430 2402 sunctum,
454 2361 490 2393 et
511 2357 550 2391 in
572 2356 700 2392 ceteris
722 2357 839 2392 virum
863 2356 996 2392 bonum
1019 2361 1055 2392 et
1077 2357 1143 2403 qui
1163 2356 1304 2407 inteqre
1325 2354 1431 2391 nobis
1450 2355 1654 2391 inservierit
1676 2359 1713 2391 et
1731 2355 1915 2396 inserviat,
1939 2365 2019 2390 eum
2042 2354 2092 2389 ad
2114 2353 2223 2390 huius
2241 2354 2478 2400 maqueratus

252 2402 601 2437 administrationem
617 2412 886 2448 promovemus,
910 2405 951 2437 ut
966 2402 999 2437 is
1019 2401 1165 2437 interim
1189 2400 1272 2436 nuic
1288 2400 1506 2447 provinciae
1524 2400 1719 2436 secundum
1742 2410 1821 2436 eam
1842 2410 1936 2445 quae
1955 2410 1978 2434 a
1996 2398 2101 2434 nobis
2123 2398 2220 2434 dicta
2242 2402 2299 2434 est
2315 2398 2477 2444 formam

246 2447 400 2493 praesit,
430 2447 636 2493 prospiciat
659 2451 777 2482 autem
800 2447 951 2493 reliquis
974 2457 1119 2498 quoque
1143 2456 1389 2498 quaecumque
1418 2445 1433 2480 i
1459 2445 1492 2481 si
1511 2456 1580 2491 per
1603 2456 1712 2481 saera
1735 2444 2011 2480 commonitoria
2033 2443 2314 2480 commiserimus
2341 2444 2418 2479 sive
2438 2444 2477 2479 in

252 2492 452 2537 provincia,
476 2503 585 2537 quam
609 2491 642 2527 ei
667 2491 892 2535 tradidimus,
915 2493 989 2527 sive
1012 2495 1120 2527 etiam
1143 2501 1183 2526 tn
1206 2490 1307 2526 aliis:
1339 2501 1410 2536 quo
1458 2490 1601 2537 quidem
1623 2491 1696 2526 iam
1719 2490 1859 2543 aqimus
1880 2489 1997 2524 saeris
2019 2489 2069 2524 ad
2089 2500 2170 2524 eum
2192 2488 2478 2524 commonitoriis

254 2536 350 2571 datis
373 2535 417 2571 de
440 2537 561 2571 multis
580 2540 616 2572 et
635 2536 785 2572 diversis
807 2536 1019 2578 actionibus,
1051 2547 1145 2583 quae
1168 2547 1249 2572 eum
1272 2536 1310 2570 in
1337 2535 1422 2571 aliis
1442 2547 1584 2582 quoque
1606 2534 1815 2582 reqionibus
1837 2533 1887 2570 ad
1908 2534 2075 2580 effectum
2087 2533 2292 2580 perducere
2315 2544 2393 2581 par
2411 2536 2476 2569 est.

254 2583 275 2616 1
332 2579 432 2622 Quae
463 2591 547 2616 vero
577 2581 626 2616 ad
654 2581 859 2617 sacerdotia
882 2582 1083 2629 pertinent,
1114 2581 1224 2617 sicuti
1254 2591 1364 2627 saepe
1387 2580 1559 2623 diximus,
1590 2591 1736 2616 manere
1765 2580 1804 2614 in
1827 2579 1960 2626 priore
1988 2578 2115 2624 forma
2144 2578 2320 2621 volumus,
2351 2589 2397 2614 ne
2418 2587 2479 2614 res

254 2624 330 2660 ullo
360 2625 467 2660 modo
498 2637 585 2662 neve
615 2626 713 2672 quod
741 2627 790 2662 ad
818 2627 876 2662 ius
904 2631 1018 2662 metro
1048 2626 1207 2662 oliticum
1236 2636 1323 2662 neve
1346 2625 1446 2672 quod
1473 2626 1524 2661 ad
1553 2625 1802 2661 ordinationes
1823 2627 1981 2660 mutetur
2010 2623 2068 2660 vel
2094 2625 2298 2665 innovetur,
2327 2622 2393 2659 sed
2439 2623 2481 2659 m·

248 2670 359 2717 prius
395 2670 614 2706 ordinabant
648 2681 743 2706 nunc
778 2682 921 2718 quoque
956 2682 999 2707 or
1026 2671 1151 2706 inandi
1184 2674 1399 2717 potestatem
1435 2670 1602 2713 habeant,
1635 2674 1674 2706 ‘et
1698 2669 1849 2716 priores
1882 2668 2137 2715 metropolitae
2171 2668 2211 2703 in
2245 2678 2312 2704 suo
2350 2678 2394 2704 or

256 2719 436 2756 maneant,
461 2715 513 2749 ita
535 2720 576 2749 ut
598 2714 689 2750 nihil
711 2720 885 2761 quantum
908 2715 958 2752 ad
979 2716 1046 2752 illa
1067 2717 1271 2752 innovetur.
1401 2733 1403 2736 >

390 2759 453 2793 III.
502 2757 601 2794 Illud
624 2764 741 2796 tamen
762 2761 802 2795 in
826 2762 996 2807 confesso
1021 2765 1085 2803 est,
1116 2761 1288 2807 quoniam
1313 2761 1439 2797 tertiae
1462 2761 1656 2797 Armeniae
1678 2759 1843 2796 comitem
1865 2769 1942 2794 non
1965 2758 2103 2794 civilem
2126 2757 2256 2800 solum,
2284 2757 2350 2793 sed
2369 2757 2479 2793 etiam

256 2804 447 2840 militarem
476 2805 726 2849 maqistratum
754 2805 920 2850 fecimus,
950 2817 1093 2842 necesse
1123 2816 1200 2842 esse
1233 2810 1274 2841 ut
1302 2806 1432 2842 milites
1454 2817 1598 2852 quoque
1628 2805 1693 2851 qui
1714 2805 1753 2840 in
1785 2815 1830 2840 ea
1860 2803 2029 2840 collocati
2050 2807 2137 2838 sunt
2164 2803 2198 2839 ei
2219 2802 2375 2855 subiecti
2391 2802 2479 2855 sint·

256 2849 456 2895 habeatque
474 2853 704 2895 potestatem,
734 2850 841 2885 sicuti
863 2851 1080 2887 militaribus
1101 2850 1376 2897 maqistratibus
1399 2861 1605 2886 eoncessum
1628 2854 1694 2892 est,
1725 2853 1763 2885 et
1783 2849 1928 2884 nomine
1951 2858 2015 2884 eos
2037 2847 2193 2884 vocandi
2212 2850 2247 2883 et
2269 2857 2395 2894 inquii·

256 2899 291 2930 et
314 2893 471 2929 annonis
501 2903 623 2930 eorum
646 2895 901 2940 prospiciendi
933 2900 969 2931 et
995 2895 1238 2942 persequendi
1269 2906 1364 2942 quae
1395 2894 1447 2931 ad
1475 2895 1538 2932 eos
1561 2895 1761 2942 pertinent,
1793 2893 1826 2929 si
1856 2893 2080 2940 delinquant,
2106 2903 2222 2939 neque
2243 2890 2480 2940 permittendi

255 2938 428 2974 militibus
458 2942 500 2973 ut
529 2938 640 2973 ullam
667 2938 839 2974 iniuriam
868 2940 1014 2984 faciant
1043 2941 1208 2983 subditis,
1237 2940 1271 2975 si
1294 2940 1384 2987 quid
1413 2952 1497 2977 vero
1523 2940 1677 2993 pravius
1700 2938 1953 2981 commiserint,
1982 2938 2091 2974 etiam
2119 2936 2326 2973 criminales
2348 2946 2479 2973 causas

256 2982 439 3026 audiendi,
463 2983 546 3018 licet
567 2982 696 3018 milites
718 2984 801 3025 sint,
827 2985 1018 3030 omniaque
1041 2985 1175 3031 aqendi
1206 2996 1450 3032 quaecumque
1481 2985 1698 3021 militaribus
1721 2984 1996 3031 maqistratibus
2018 2982 2189 3018 dedimus
2238 2981 2288 3017 Et
2310 2980 2478 3035 quemad·

256 3029 401 3065 modum
432 3032 469 3064 et
492 3026 659 3063 Isauriae
688 3028 809 3062 comiti
831 3033 866 3063 et
889 3028 1112 3064 Pacatianae
1136 3029 1324 3076 Phryqiae
1354 3038 1390 3067 et
1413 3035 1611 3078 praeterea
1640 3029 1873 3077 praetoribus
1902 3032 1939 3064 et
1961 3027 2171 3074 Lycaoniae
2198 3030 2235 3063 et
2255 3025 2415 3063 Pisidiae
2442 3028 2479 3062 et

302 3123 322 3155 2
345 3118 433 3166 πρὸς
453 3116 643 3163 διώρισται
658 3118 687 3150 L
709 3118 722 3161 ΙΙ
746 3119 811 3158 ἔτι]
835 3120 913 3150 ἔστι
929 3119 977 3150 B⁶
1000 3120 1013 3160 11
1034 3120 1054 3152 3
1078 3122 1198 3164 τρίτης
1223 3122 1331 3161 ΛΙΒς]

256 3164 403 3210 πρώτης
418 3165 447 3199 L
458 3166 470 3209 Η
482 3166 534 3205 τε]
548 3161 613 3197 τόν
624 3174 664 3195 τε
676 3162 709 3195 L
726 3162 739 3204 ΙΙ
755 3164 773 3195 7
787 3160 834 3195 τὰ
845 3159 935 3194 ἄλλα
949 3163 980 3195 L
998 3162 1011 3205 ΙΙ
1030 3165 1069 3197 12
1083 3161 1196 3206 αὐτῷ]
1209 3164 1332 3198 αὔτῶω

255 3213 330 3253 (sic)
343 3211 375 3244 L
389 3209 403 3265 1!
432 3205 455 3252 ἦ
473 3209 595 3249 MLB,
616 3220 674 3241 om.
688 3218 708 3243 ς
730 3207 743 3249 ΙΙ
769 3207 1067 3260 commonitorium,
1088 3221 1114 3241 s.
1128 3221 1157 3241 v.
1170 3211 1332 3243 τουτέστι

254 3266 479 3303 γοαμματων
492 3254 538 3287 Μ
549 3254 835 3298 κομμονιτορίων
846 3252 878 3284 L
896 3263 1120 3296 γραμματων
1134 3253 1169 3285 Β
1184 3252 1196 3297 ΙΙ
1217 3255 1258 3287 13
1273 3251 1331 3286 αὖ.

255 3289 310 3344 τῖῥ
332 3314 391 3335 om.
405 3312 426 3337 ς
447 3300 460 3345 fl
488 3301 528 3334 15
553 3298 800 3342 οοιιιοιιίτωρια
815 3296 859 3329 Μ
882 3307 1153 3342 κομμονητορηα
1169 3299 1198 3330 L
1221 3296 1331 3352 γράμ-

254 3359 354 3390 ματα
368 3347 413 3380 M
417 3359 444 3379 s.
456 3358 499 3387 v.,
513 3344 548 3377 Β
570 3343 583 3387 ΙΙ
607 3345 649 3377 16
673 3337 766 3387 ἅπερ
780 3341 864 3382 ML]
888 3337 997 3393 ἅςπερ
1013 3342 1096 3381 Β(ς)
1112 3341 1124 3385 ΙΙ
1142 3341 1189 3374 εἷς
1213 3344 1332 3384 ετέρας

256 3389 385 3436 χώρας]
406 3392 443 3423 in
458 3390 525 3423 alia
538 3388 712 3432 provincia
728 3399 747 3423 ς
769 3385 782 3431 ΙΙ
810 3388 848 3420 17
871 3385 930 3426 Τὰ]
950 3395 1012 3418 τας
1024 3387 1055 3419 L
1074 3385 1086 3427 ΙΙ
1105 3388 1145 3420 19
1154 3399 1203 3439 sq.
1225 3384 1332 3420 *οὐδὲ

256 3457 300 3461 -
324 3434 408 3470 οὐδὲ
432 3437 509 3469 libri
529 3435 542 3477 ΙΙ
565 3429 823 3479 μιτροπολικὺν
846 3431 925 3474 L(5)
949 3430 962 3475 ΙΙ
989 3432 1027 3464 21
1041 3427 1286 3484 ,ἀμειβομενοι
1310 3430 1331 3474 ἢ

256 3479 499 3525 καινιζόμενοι
520 3480 571 3513 B⁰
593 3491 655 3513 sec.
671 3477 866 3520 Hombequ.
883 3477 895 3520 ΙΙ
914 3477 956 3509 23
980 3487 1159 3520 προτερον
1180 3476 1330 3510 Halonn—

257 3530 314 3561 der
332 3527 345 3571 ΙΙ
361 3530 404 3561 26
428 3522 700 3571 ὀμολογημένων
724 3522 756 3555 L
778 3521 791 3566 ss
818 3523 859 3556 27
874 3533 922 3565 eq.
947 3518 1135 3554 πολιτικὸν
1157 3539 1201 3544 —-
1225 3530 1331 3565 στρα-

256 3570 429 3605 τιωτικὸν
451 3567 658 3615 (στρατικὸν
682 3569 727 3610 L)
751 3567 874 3608 MLB]
898 3565 1046 3599 civilium
1072 3584 1113 3590 —-
1135 3565 1329 3598 militarium

256 3619 291 3658 (ι’.
318 3631 344 3650 e.
370 3615 569 3651 πολιτικῶν
592 3634 635 3639 —-
659 3611 948 3658 στρατιωτικῶν)
979 3622 999 3646 ς
1025 3611 1037 3653 ΙΙ
1070 3612 1112 3644 33
1141 3612 1214 3643 τοῖς
1244 3610 1328 3644 κατ’

258 3663 362 3696 om.L
390 3662 403 3706 ΙΙ
433 3664 474 3696 34
500 3662 583 3693 *καὶ
607 3656 655 3704 μή
679 3660 727 3699 τι]
752 3661 811 3691 καὶ
833 3654 923 3701 μήτε
948 3657 1033 3690 libri.
1069 3657 1121 3689 An
1147 3657 1248 3689 deleto
1271 3659 1333 3689 καί

1402 3124 1461 3166 leq.
1480 3120 1593 3166 μηδὲῗ
1612 3122 1624 3164 (Ι
1641 3123 1682 3155 35
1708 3116 1963 3164 σφοδρότερον]
1986 3121 2018 3152 et
2034 3118 2261 3152 vehementius
2281 3128 2301 3154 ς
2318 3116 2331 3162 ΙΙ
2347 3118 2390 3151 36
2412 3110 2479 3150 κᾶν

1399 3166 1443 3207 εἰ]
1468 3168 1496 3199 si
1520 3179 1540 3204 ς·
1566 3167 1578 3210 ΙΙ
1609 3167 1651 3200 38
1664 3178 1712 3208 sq.
1737 3167 1780 3207 ej:
1804 3164 1889 3198 Νου.
1914 3164 2081 3198 XXVII.-
2126 3163 2219 3197 VIII
2237 3175 2266 3196 ε.
2285 3163 2316 3196 2.
2352 3160 2478 3196 XXV·

1400 3212 1544 3246 XXIV.
1568 3209 1732 3253 XXVIfl
1750 3211 1792 3244 39
1816 3209 2040 3251 καπατιανῆς
2062 3208 2134 3242 ML

1445 3347 1465 3379 2
1482 3354 1706 3387 proponamus
1725 3345 1803 3378 libri
1818 3342 1832 3388 ΙΙ
1853 3345 1872 3378 3
1894 3341 2098 3375 ministrabit
2118 3339 2204 3384 VTn
2231 3341 2251 3374 5
2275 3341 2398 3373 tomam
2419 3338 2479 3427 V'

1400 3390 1533 3430 quidem
1546 3390 1605 3431 qui
1617 3390 1684 3422 iam
1704 3390 1735 3423 V
1749 3388 1762 3434 ΙΙ
1778 3391 1798 3424 8
1810 3387 2016 3421 ministrabit
2027 3387 2105 3420 libri
2121 3384 2134 3430 ΙΙ
2150 3386 2183 3418 et
2193 3384 2405 3418 ministrabat
2423 3383 2455 3418 V

1402 3435 1442 3466 12
1456 3435 1761 3467 commonitoria—
1778 3435 1820 3468 14
1833 3433 1992 3466 facientes
2006 3444 2066 3465 om.
2085 3431 2138 3474 Vss
2164 3432 2203 3464 13
2217 3431 2328 3471 quam]
2348 3429 2378 3462 ei
2399 3428 2476 3462 add.

1398 3478 1486 3521 vulq.
1503 3477 1515 3522 ΙΙ
1534 3479 1622 3520 quod
1636 3481 1679 3520 et]
1692 3489 1758 3521 que
1772 3479 1804 3512 T
1817 3477 1831 3523 fl
1848 3480 1889 3512 15
1903 3487 1985 3519 quos
1997 3477 2097 3520 vul9.]
2112 3484 2194 3516 quas
2211 3475 2288 3508 libri
2304 3473 2317 3518 ΙΙ
2333 3475 2372 3508 21
2389 3471 2476 3524 ord}-

1399 3521 1501 3554 nabat
1534 3524 1567 3555 V
1583 3522 1596 3567 ΙΙ
1619 3525 1663 3558 26
1687 3524 1826 3557 arminie
1855 3523 1890 3556 V
1906 3522 1918 3566 ΙΙ
1945 3523 1986 3556 28
2012 3521 2112 3554 habet
2136 3521 2214 3554 libri
2237 3518 2251 3563 Ι
2275 3521 2318 3553 29
2342 3516 2476 3551 liceum

1408 3565 1462 3609 Vu
1482 3568 1518 3600 31
1549 3571 1614 3609 eos]
1641 3579 1678 3601 eo
1704 3568 1768 3611 Vfl
1793 3569 1836 3602 32
1859 3569 1976 3600 contra
2007 3566 2087 3606 VT]
2112 3565 2200 3597 eirca
2222 3565 2308 3607 vuly.
2324 3564 2337 3607 ΙΙ
2355 3564 2398 3597 33
2417 3570 2476 3604 por

1399 3611 1521 3643 milites
1533 3613 1664 3645 mittere
1686 3612 1744 3656 Vn
1766 3614 1810 3646 34
1830 3614 1862 3645 et
1882 3625 1940 3646 om.
1956 3611 2042 3654 valq.
2060 3610 2073 3654 ΙΙ
2096 3611 2138 3644 36
2163 3610 2215 3642 his
2240 3609 2335 3642 aurie
2355 3607 2389 3642 V
2406 3606 2472 3639 his-

1399 3657 1509 3688 aurire
1536 3657 1567 3688 Τ
1586 3656 1599 3700 ΙΙ
1623 3659 1662 3690 37
1688 3658 1788 3699 frigio
1813 3657 1891 3690 libri
1911 3657 1925 3701 ss
1950 3658 1993 3690 38
2017 3655 2121 3688 traoie
2147 3654 2210 3688 VT

2571 2075 2592 2327 ,Ξ

2570 2332 2592 2625 ξ

2569 2661 2592 2734 i

2559 2772 2585 2858 ’1

2581 2807 2592 2819 ,.

2545 2879 2581 3234 g
