2476 3854
97 77 206 122 Nov.
228 77 410 122 CXXIII
439 80 605 122 26-28
1169 76 1253 126 614

95 187 239 236 ἐνάγειν
262 188 400 232 αὐτοῖς,
432 187 577 225 οὔδε-νὸς
599 192 673 224 τοῖς
695 191 905 233 νομίζουσιν
929 190 1023 233 ἔχειν
1047 187 1177 227 αὐτοὺς
1243 200 1326 236 0083
1349 191 1448 227 nullo
1472 191 1533 235 [in]
1557 191 1614 229 his
1638 191 1754 238 quise
1769 194 1900 238 putant
1920 192 2054 230 habere
2076 203 2139 231 eos
2158 193 2323 232 faciendo

94 232 322 290 ὑπευᾷύνους
336 238 525 291 γινομένρυ
542 238 786 289 προκρίματος-
797 238 880 279 περὶ
895 238 1045 290 ζρονίαν
1061 247 1178 282 παρα-
1244 235 1462 282 praeiudicio
1483 236 1528 273 de
1541 238 1799 291 temporalibus
1814 239 2157 285 praescriptionibus
2175 242 2324 287 propter

93 278 413 371 ζτρὶιοὲζῗῇυδῒΐνπον
434 292 575 326 χρόνον,
610 293 656 314 ον
680 281 721 314 έν
742 293 788 327 ’τῃ
810 292 962 329 τοιαυτῃ
993 279 1179 326 αποδημίᾳ.
1245 284 1399 327 tempus,
1423 282 1520 328 quod
1540 293 1580 319 ln
1601 283 1667 320 tali
1690 292 1802 320 causa·
1823 286 2085 330 protraxerant.

1938 93 2324 130 nnmonssmxs

1040 414 1196 453 CAPUT
1220 414 1370 452 XXVII.

162 482 216 517 Εἴ
233 494 321 517 ποτε
345 479 385 516 δὲ
409 482 507 516 αἰτία
535 479 682 528 ἀναφυῇ
709 483 775 517 τοῦ
799 480 1008 527 ὑπόμνησιν
1033 481 1059 528 ἢ
1081 485 1176 528 enfla—
1212 487 1231 519 5
1312 483 1351 519 Si
1373 483 1516 529 quando
1545 487 1665 522 eutem
1697 494 1807 523 eausa
1837 486 2035 531 emerserit,
2066 488 2108 523 ut
2130 484 2326 523 admonitio

92 527 239 573 βασμὸν
269 527 554 573 προςενεχθῆναι
590 525 681 572 ὑπὲρ
712 525 925 571 οἱαςδήποτε
958 529 1177 574 χρηματικῆς
1244 532 1281 564 et
1304 529 1468 565 executio
1490 529 1667 567 inferatur
1698 540 1763 577 pro
1788 531 1946 576 qualibet
1976 531 2184 577 pecuniaria
2214 539 2326 568 causa

94 575 209 607 αἰτίας
232 572 303 606 εἴτε
323 570 494 616 δημοσίας
517 572 588 606 εἴτε
603 570 786 616 ἰδιωτικῆς
809 571 965 619 κληρικῷ
989 572 1012 617 ἢ
1026 573 1176 619 μοναχῷ
1244 574 1319 609 sive
1349 574 1496 619 publica
1524 574 1598 611 sive
1625 576 1766 621 privata
1796 577 1925 613 clerico
1961 580 2025 613 aut
2054 576 2229 613 monacho
2260 579 2326 612 aut

93 617 115 661 ἢ
132 621 341 672 μοναστρίᾳ
364 615 388 661 ἢ
412 614 587 671 ἀσκηξρίᾳ
611 615 824 661 οἱουδήποτε
841 623 1096 664 μοναστηριου,
1116 622 1177 652 καὶ
1244 619 1460 655 monastriae
1483 622 1547 655 aut
1570 620 1781 666 cuicumque
1803 622 2018 658 monaster-10
2048 622 2200 658 maxime
2222 620 2324 657 femi·

91 662 251 706 μαλιστα
273 663 467 708 γυναικῶν,
496 666 636 715 ,υβρεως
656 666 763 708 χωρὶς
791 666 852 696 καὶ
872 663 964 708 μετὰ
988 665 1051 708 τῆς
1074 675 1175 710 προς·
1245 674 1388 706 narum,
1418 664 1582 701 iubemus
1606 666 1683 701 sine
1705 667 1836 702 iniuria
1858 671 1894 702 et
1917 677 1998 703 cum
2021 667 2236 712 competenti
2258 666 2324 703 ho-

91 707 240 751 ηκούσης
270 709 374 751 τιμῆς
403 706 593 752 κελευομεν
622 707 692 751 τὴν
715 706 923 752 ὑπόμνησιν
946 712 1007 743 καὶ
1030 709 1098 744 τὸν
1122 711 1175 743 ἐκ·
1190 712 1232 744 10
1244 719 1332 745 nore
1354 709 1631 745 admonitionem
1653 710 1750 753 fieri,
1775 722 1847 747 non
1862 715 1982 747 tamen
2006 712 2237 748 monastriam
2259 713 2326 746 aut

92 752 278 798 βιβασμὸν
301 753 484 799 γίνεσθαι,
508 751 688 797 μηδεμίαν
713 750 753 786 δὲ
777 753 1004 798 μονάστριαν
1027 752 1050 797 ἢ
1070 751 1175 797 ἆσκή-
1245 754 1433 790 ascetriam
1456 755 1673 792 monasterio
1697 756 1875 800 abstrahi,
1899 756 1962 793 sed
1984 761 2253 802 procuratorem
2277 756 2323 791 ab

91 811 199 853 τριαν
229 799 293 832 τοῦ
316 802 559 843 μοναστηρίου
590 795 834 844 ἀφέλκεσθαι,
867 795 946 832 ἀλλ’
967 799 1114 834 ἐντολεά
1138 799 1176 840 ἐξ
1244 799 1301 835 his
1334 799 1492 835 ordinari
1527 800 1587 853 qui
1621 811 1687 846 pro
1721 811 1830 837 causa
1863 801 2089 846 respondeat.
2137 800 2324 837 Monachis

93 844 218 877 αυτῶν
241 841 519 888 προβάλλεσθαι
549 842 617 878 τὸν
641 841 732 889 ὑπὲρ
755 844 820 877 τοῦ
844 844 1054 890 πράγματος
1085 842 1175 879 ἀπο·
1245 845 1365 880 autem
1387 844 1497 880 liceat
1520 853 1593 881 sive
1615 856 1681 891 per
1703 855 1742 882 se
1773 846 1846 882 sive
1868 856 1934 892 per
1956 849 2227 891 procuratorem
2247 856 2324 882 mo-

92 889 335 933 κρινούμενον.
383 891 455 922 τοῖς
475 886 516 922 δὲ
533 891 700 931 μοναχοῖς
719 887 851 929 ἐξέστω
872 888 943 923 εἴτε
963 885 1016 924 δι’
1033 890 1175 924 ἑαυτῶν
1243 889 1391 926 nasterii
1415 899 1544 927 causas
1567 899 1691 936 agere3
1714 891 1848 928 sciente
1867 891 1928 937 qui
1945 891 2036 928 haec
2059 891 2326 937 praevaricatur

91 934 162 967 εἴτε
194 930 246 967 δι’
272 931 449 968 ἐντολέων
481 933 544 968 τὰς
571 931 662 968 ἰδίας
693 929 714 977 ἢ
746 933 810 968 τὰς
839 934 904 968 τοῦ
935 939 1176 981 μοναστηρίου
1193 934 1359 971 15iudice
1386 935 1441 971 vel
1474 938 1681 980 executore,
1714 934 1798 981 quia
1821 938 1857 972 et
1880 935 2021 981 cingulo
2046 934 2259 982 spoliabitur
2288 937 2326 972 et

92 977 192 1012 δι’κας
227 976 418 1024 πράττειν·
462 976 596 1013 εἰδότος
630 978 695 1013 τοῦ
731 980 850 1014 ταῦτα
884 983 1177 1024 παραβαίνοντος
1245 990 1398 1025 poenam
1421 978 1453 1016 V
1476 981 1647 1017 librarum
1670 980 1751 1017 auri
1781 982 1933 1026 exigitur
1962 991 2028 1027 per
2049 978 2324 1025 magnificentis-

92 1022 262 1058 δικαστοῦ
288 1022 310 1066 ἢ
333 1024 568 1068 ἑκβιβαστοῦ,
601 1020 648 1058 οἷς
673 1026 732 1058 καὶ
759 1024 822 1067 τῆς
846 1023 960 1068 ζώνης
981 1025 1176 1072 γυμνωθή-
1245 1026 1372 1061 simum
1404 1025 1568 1061 comitem
1599 1026 1818 1070 privatarum
1840 1037 1976 1072 rerum3
2013 1029 2204 1062 executore
2226 1024 2325 1062 vide·

92 1080 194 1103 σεται
225 1071 284 1103 καὶ
316 1069 448 1112 ποινὴν
478 1068 511 1102 ε’
530 1072 674 1114 χρυσίου
708 1069 844 1116 λιτρῶν
872 1069 1176 1115 εἰςπραχθήσεται
1244 1069 1328 1106 licet
1358 1081 1400 1106 su
1429 1081 1467 1107 er
1496 1071 1586 1107 haec
1618 1075 1654 1107 et
1684 1071 1903 1108 verberando
1939 1075 1975 1107 et
2003 1072 2041 1108 in
2068 1070 2211 1107 exilium
2239 1068 2325 1107 diri·

91 1113 190 1159 παρὰ
207 1115 273 1148 τοῦ
288 1113 672 1161 μεγαλοπρεπεστάτου
696 1113 850 1159 κόμη-τος
869 1115 947 1149 τιῦν
962 1116 1174 1161 πριβάτων·
1244 1115 1378 1160 gendo:
1426 1127 1570 1152 ooorum
1595 1116 1829 1153 sanctissimis
1853 1116 2030 1163 episcopis
2054 1116 2261 1163 provisuris,
2283 1117 2326 1152 ut

91 1161 156 1194 τοῦ
181 1160 401 1204 ἐκβιβαστοῦ
426 1157 597 1203 δηλονότι
629 1159 719 1206 πρὸς
744 1157 884 1195 τούτοις
914 1163 973 1195 καὶ
995 1159 1177 1205 βασάνους
1190 1163 1232 1196 20
1246 1160 1334 1196 nihil
1356 1160 1413 1197 his
1439 1162 1655 1198 contrarium
1677 1161 1753 1207 fiat,
1776 1165 1842 1199 aut
1865 1163 1896 1198 si
1915 1162 2047 1208 aliquid
2072 1160 2325 1204 committatur,

92 1203 335 1248 ὑπομένοντος
365 1207 425 1238 καὶ
450 1205 497 1239 εἰς
520 1205 663 1248 ἐξορίαν
692 1208 933 1250 πεμπομένου.
981 1207 1059 1241 τῶν
1082 1206 1176 1240 κατὰ
1244 1207 1440 1243 memorata.
1479 1206 1570 1243 ultio
1610 1208 1795 1252 procedat.
1849 1207 1974 1244 Iudice
2013 1217 2096 1244 vero
2134 1204 2325 1244 vindictam

91 1251 209 1284 τόπον
232 1246 452 1285 ὁσιωτάτων
482 1249 697 1286 ἐπισκόπων
720 1251 992 1306 προνοούντωνῖ
1027 1251 1088 1286 ἵνα
1110 1265 1176 1296 μη-
1245 1250 1428 1288 differente
1450 1251 1632 1298 imponere
1662 1252 1709 1288 ad
1732 1254 1891 1290 nostram
1922 1251 2107 1290 scientiam
2135 1250 2326 1298 episcopus

92 1293 154 1330 δὲν
174 1294 318 1330 τούτων
343 1297 510 1331 ἐναντίον
532 1298 696 1342 γένηται,
735 1293 752 1306 '
775 1295 876 1343 εἴπερ
904 1310 941 1331 τι
965 1296 1176 1344 αμαρτηθῇ,
1245 1295 1388 1333 referat.

92 1341 153 1374 ἴνα
176 1338 198 1384 ἦ
221 1341 386 1385 εἰρημένη
418 1339 593 1384 ἐκδίκησις
616 1339 724 1387 προέλ
758 1355 801 1376 οι.
849 1341 912 1375 τοῦ
936 1339 977 1375 δὲ
1006 1339 1178 1386 ἄρχοντος

91 1386 160 1428 τὴν
184 1384 366 1430 ἐκδίκησιν
390 1382 691 1431 ἀναβαλλομένου
717 1386 905 1422 ἐπιθεῖναι
928 1387 976 1422 εἰς
999 1383 1178 1434 ἡμετέραν
1190 1388 1233 1423 25

92 1430 230 1475 εἴδησιν
254 1428 274 1465 ὁ
300 1433 494 1466 ἐπίσκοπος
517 1429 739 1478 ἀναφερέτω.

1034 1533 1192 1570 CAPUT
1215 1533 1382 1570 XXVIII.

158 1597 405 1646 Σπορτούλων
429 1598 469 1634 δὲ
490 1597 648 1645 ὀνόματι
671 1602 748 1637 πᾶν
771 1601 965 1647 πρόςωπον
988 1602 1028 1636 ἐν
1051 1598 1173 1644 οἱᾳὸή-
1311 1601 1560 1647 Sportularum
1593 1611 1677 1638 vero
1711 1600 1854 1638 nomine
1891 1611 2031 1638 omnem
2064 1611 2255 1648 personam
2287 1601 2326 1638 in

92 1658 182 1681 ποτε
218 1645 490 1693 ἐκκλησιαστικῇ
526 1645 628 1687 τάξει
663 1645 963 1694 καταλεγόμενον,
996 1649 1057 1681 καὶ
1086 1646 1176 1693 πρὸς
1244 1657 1467 1692 quocumque
1500 1645 1746 1683 ecclesiastico
1780 1646 1902 1684 officio
1932 1648 2180 1693 constitutam,
2216 1648 2254 1684 et
2278 1647 2326 1684 ad

161 1749 187 1771 c.
203 1737 357 1771 XXVII
368 1738 413 1771 in.
429 1737 487 1779 (-
502 1739 543 1772 13
557 1733 880 1784 ἀποκρινούμενον)
902 1750 941 1773 ex
964 1739 994 1772 S
1016 1738 1133 1783 repetit
1152 1738 1285 1772 Nomoc.
1299 1738 1332 1772 L
1352 1740 1398 1773 tit.
1411 1738 1456 1772 33
1467 1750 1505 1782 p.
1519 1738 1587 1773 640
1608 1738 1708 1772 Voell.
1733 1756 1776 1763 —
1800 1738 1877 1773 Ath.
1899 1751 2052 1774 summam
2070 1741 2197 1784 prioris
2216 1740 2327 1785 partie

92 1790 239 1827 repetunt
256 1784 421 1826 paratitlo
440 1783 516 1817 Ath.
531 1785 551 1817 5
570 1787 627 1822 §2

161 1841 187 1861 c.
203 1828 379 1862 XXVIII
397 1840 547 1862 summam
570 1828 647 1862 Aila.
672 1836 819 1873 repetunt
837 1829 1001 1873 paratitlo
1019 1828 1096 1863 Aeli.
1111 1831 1131 1862 5
1152 1833 1167 1868 §
1183 1837 1210 1863 2.

90 1929 316 1982 provinciam
340 1927 553 1964 reverterim
576 1938 638 1963 eos
661 1927 860 1971 convenire,
883 1938 971 1964 neve
994 1927 1106 1963 ullum
1129 1927 1175 1963 iis
1197 1927 1260 1973 qui
1282 1936 1323 1963 se
1343 1926 1428 1963 illos
1451 1926 1633 1964 obnoxios
1662 1926 1794 1964 habere
1811 1931 1944 1974 putant
1971 1929 2236 1975 praeiudicium
2257 1930 2327 1977 fiat

91 1986 130 2010 tn
155 1973 344 2019 temporali
365 1973 656 2019 praescriptione
673 1979 832 2020 propter
856 1977 994 2020 tempus
1018 1972 1117 2018 quod
1138 1973 1175 2008 in
1202 1972 1268 2008 tali
1288 1972 1522 2024 profectione
1547 1973 1739 2008 traxerint.

227 2019 376 2055 XXVII.
424 2017 561 2061 Quodsi
590 2017 738 2064 quando
771 2029 884 2054 causa
914 2019 1116 2060 emerserit,
1152 2016 1423 2054 ut—admonztio
1459 2017 1515 2054 vel
1544 2018 1712 2053 executio
1749 2016 1794 2054 de
1825 2017 2079 2065 qualicumque
2109 2019 2326 2066 pecuniaria

92 2075 205 2100 causa
235 2065 309 2100 sive
332 2063 484 2111 publica
514 2063 588 2099 sive
612 2064 766 2110 privata
796 2063 980 2109 afferatur
1010 2062 1143 2099 clerico
1175 2067 1242 2098 aut
1263 2062 1440 2098 monacho
1471 2067 1535 2099 aut
1557 2062 1755 2098 monachae
1784 2066 1849 2098 aut
1871 2063 2049 2099 ascetriae
2071 2064 2327 2112 cuiuscumque

90 2109 319 2152 monasterii,
350 2112 385 2145 et
407 2108 565 2145 maa-ime
588 2108 795 2151 mulierum,
826 2108 903 2145 sine
933 2108 1070 2143 iniuria
1100 2111 1135 2144 et
1165 2118 1245 2143 cum
1276 2109 1501 2144 convenienti
1531 2107 1672 2143 honore
1701 2107 1983 2144 admonitionem
2014 2112 2049 2144 et
2075 2110 2327 2147 eoeecutionem

88 2155 172 2201 fieri
195 2154 368 2197 iubemus,
392 2154 528 2189 nullam
552 2164 637 2190 vero
660 2153 874 2189 monacham
897 2153 955 2190 vet
976 2153 1169 2190 ascetriam
1193 2164 1217 2189 a
1239 2154 1457 2189 monasterio
1481 2152 1643 2195 detrahi,
1666 2152 1732 2189 sed
1746 2157 2030 2200 procuratorem
2052 2154 2098 2190 ab
2121 2155 2168 2190 iis
2185 2155 2327 2191 institui

91 2201 156 2246 qui
177 2200 221 2235 de
245 2210 356 2235 causa
379 2198 610 2246 respondeat.
657 2198 850 2235 Monachis
872 2203 990 2235 autem
1014 2198 1121 2235 liceat
1142 2199 1217 2234 sive
1229 2209 1303 2245 per
1321 2209 1360 2235 se
1382 2199 1457 2235 sive
1472 2209 1542 2246 per
1560 2201 1822 2245 procuratores
1838 2209 1913 2245 pro
1940 2199 2017 2234 rias
2039 2198 2095 2235 vel
2116 2201 2327 2237 monasterii

92 2247 171 2282 lites
187 2257 209 2293 a
237 2256 321 2287 ere,·
343 2244 506 2291 sciatque
546 2244 584 2280 ui
599 2243 688 2281 haec
705 2248 954 2291 transqressus
968 2244 1016 2280 sit
1032 2243 1145 2280 iudex
1162 2243 1219 2280 vel
1234 2248 1421 2287 executor,
1442 2244 1530 2290 fore
1552 2246 1644 2279 utet
1660 2242 1806 2290 cinqulo
1827 2253 1894 2289 spo
1910 2248 2005 2280 tetur
2027 2247 2063 2280 et
2084 2244 2199 2280 multa
2221 2245 2325 2292 quin·

91 2302 161 2338 que
185 2290 211 2336 li
234 2301 359 2326 rarum
382 2291 468 2325 auri
496 2256 543 2325 αῖ
565 2290 646 2336 ipso
671 2290 845 2336 exiqatur
873 2300 943 2336 per
965 2289 1355 2341 maqnificentissimum
1379 2289 1542 2324 comitem
1553 2289 1814 2342 privatarum:
1847 2292 1957 2335 atque
1979 2293 2154 2325 executor
2183 2290 2326 2342 quidem

84 2340 280 2383 praeterea
305 2339 485 2372 tormenta
508 2346 654 2381 quoque
676 2335 803 2371 subeat
824 2338 860 2371 et
882 2335 921 2370 in
939 2334 1091 2370 exilium
1113 2335 1285 2370 mittatur.
1333 2333 1559 2370 Sanctissimz
1584 2337 1703 2369 autem
1726 2332 1889 2369 locorum
1912 2332 2034 2381 episco
2062 2334 2076 2368 ι’
2095 2334 2325 2380 provideant,

91 2393 135 2417 ne
159 2381 247 2427 quid
278 2380 335 2416 his
359 2382 582 2416 contrarium
602 2380 689 2425 fiat,
719 2385 785 2416 aut
805 2380 838 2415 si
862 2379 951 2426 quid
973 2380 1199 2415 commissum
1221 2380 1285 2422 sit,
1318 2383 1359 2415 ut
1375 2378 1571 2426 praedicta
1594 2377 1751 2415 vindicta
1779 2378 1967 2425 procedat.
2013 2345 2151 2423 Liitodsi
2177 2390 2328 2427 praeses

92 2427 284 2463 vindictam
309 2426 449 2471 inferre
472 2425 632 2472 differat,
657 2424 708 2460 ad
725 2425 892 2461 notitiam
916 2429 1078 2460 nostram
1100 2424 1141 2460 id
1162 2425 1355 2471 episcopus
1377 2425 1531 2470 referat.
1875 2440 1879 2442 ·

226 2470 394 2507 XXVIII.
443 2470 700 2518 Sportularum
724 2474 842 2507 autem
872 2470 1016 2506 nomine
1044 2480 1336 2517 unamquamque
1363 2479 1560 2517 personam
1590 2468 1630 2504 in
1653 2468 1906 2515 qualicumque
1927 2467 2169 2506 ecclesiastico
2199 2467 2327 2507 ordine

1311 2584 1326 2616 1
1354 2581 1463 2622 nullo]
1486 2580 1584 2614 nullo
1607 2590 1662 2614 eos
1685 2581 1736 2614 13⁶
1752 2580 1765 2624 ΙΙ
1787 2581 1825 2613 in
1849 2581 1911 2614 del.
1926 2580 2021 2614 Beck
2038 2579 2051 2624 ΙΙ
2072 2580 2133 2622 qui
2153 2580 2217 2623 1⁷¹]
2241 2589 2327 2624 quae

151 2587 166 2618 1
188 2580 305 2617 αὐτοῖς
320 2602 364 2607 --
382 2583 475 2625 ἔχειν
495 2594 551 2616 om.
565 2583 627 2625 13⁶,
648 2595 676 2616 υ.
690 2580 845 2626 μηδενος
860 2584 979 2617 inserto
993 2590 1067 2617 ante
1082 2594 1177 2627 γινο-
1244 2627 1315 2660 RT
1333 2637 1398 2669 que
1420 2625 1470 2660 V³
1484 2627 1497 2668 u
1515 2626 1637 2660 habero
1654 2636 1708 2659 eos
1719 2626 1814 2660 Boek
1826 2626 1898 2669 (qui
1908 2626 1985 2658 add.
1999 2625 2189 2668 Obligatus„
2205 2625 2327 2660 habere

90 2631 199 2674 μένου
215 2629 227 2671 ΙΙ
245 2626 396 2671 μηδενὸς
417 2629 445 2662 S
459 2629 472 2672 ΙΙ
491 2624 620 2661 αὐτοὺς
642 2628 735 2669 ἔχειν
747 2628 910 2662 Νωιιοο.”ι
935 2628 948 2672 ΙΙ
975 2630 994 2662 2
1015 2624 1176 2662 ὑπευθύ-

93 2685 175 2708 νους
196 2685 251 2706 om.
267 2685 286 2710 ς
310 2674 322 2717 ΙΙ
347 2675 429 2727 περὶ
451 2692 495 2698 -
518 2675 539 2707 4
564 2671 809 2719 παρείλκυσαν
832 2684 889 2707 om.
903 2674 932 2708 S
952 2673 965 2717 ΙΙ
990 2676 1073 2718 περὶ
1097 2684 1176 2719 χρο-

92 2723 177 2753 νίαν
194 2720 449 2764 παραγραφην]
473 2718 513 2751 de
528 2718 767 2761 temporalibus
782 2718 1102 2762 praescriptionibus
1123 2730 1143 2755 ς
1165 2718 1177 2762 ΙΙ

94 2768 114 2799 3
132 2761 330 2806 ἀποδημίᾳ]
351 2774 449 2796 cause
470 2776 489 2800 ς
505 2763 518 2807 ΙΙ
538 2766 556 2798 5
574 2763 674 2797 αἰτία
686 2764 895 2804 LBSeIum
918 2763 1016 2797 αἰτία
1032 2774 1086 2797 τις
1102 2762 1148 2797 Μ
1165 2763 1177 2806 ΙΙ

92 2807 261 2855 ἀναφανῇ
287 2809 316 2842 S
327 2821 408 2842 unus
427 2804 490 2852 117'1']
515 2811 547 2840 et
571 2820 591 2845 ς
607 2809 620 2851 ΙΙ
638 2811 655 2842 7
681 2806 850 2853 κληρικῷ]
874 2806 897 2851 ἢ
920 2807 1086 2852 κληρικοῦ
1105 2809 1173 2843 Νο-

93 2859 199 2889 moe-”⁸
226 2854 277 2897 118
300 2856 518 2897 μοναστρίας
539 2854 701 2887 Nomoc!n
728 2856 939 2899 μοναστρίω
965 2852 1176 2888 B‘wafl

92 2897 289 2956 μοναστηρ’
303 2911 335 2943 L
352 2909 365 2953 ΙΙ
382 2906 405 2951 ἢ
428 2905 604 2954 ἀσκητρίᾳ
628 2921 683 2943 om.
699 2910 728 2943 S
734 2910 825 2946 elul.
841 2909 854 2954 ΙΙ
878 2906 1090 2950 οἱουδήποτε
1112 2921 1176 2953 μο-

93 2958 299 3001 ναστηρῶυ]
330 2956 389 2987 aut
411 2954 476 2995 (vel
496 2955 575 2996 Iul.)
599 2955 796 2995 cuicumque
819 2955 1019 2988 monasterio
1044 2955 1142 2991 elul.
1165 2955 1177 3000 ΙΙ

94 3005 114 3037 9
138 3004 198 3035 καὶ
224 3015 280 3035 om.
295 2999 507 3035 Nomocflme
525 3000 536 3043 ΙΙ
557 3002 597 3033 10
622 3002 680 3032 καὶ
704 2998 773 3032 τὸν
796 2999 1022 3043 ἐκβιβασμὸν
1045 3011 1100 3034 οηι.
1124 3011 1143 3036 ς
1166 3001 1177 3041 ΙΙ

95 3050 135 3082 11
155 3044 336 3090 μηδεμίαν
354 3042 405 3086 δὲ]
428 3045 478 3088 μὴ
494 3046 619 3087 μέντοι
641 3045 669 3077 S
675 3045 791 3086 eunt.)
808 3044 820 3087 ΙΙ
837 3047 1085 3089 μοναστηρίαν
1101 3045 1150 3078 La
1165 3044 1178 3088 fl

95 3095 137 3127 12
152 3089 540 3137 «ε’φεέιίκεσθαιΝονηοις.1η
558 3087 571 3134 ΙΙ
597 3091 637 3124 13
651 3085 959 3133 ἀποκρινούμενον
968 3090 1071 3130 MB⁶J
1089 3085 1175 3124 ἄπο-

93 3138 309 3181 κοινόμενον
326 3136 386 3169 SL
395 3134 440 3168 B!
451 3133 631 3168 Nomoc.dm
647 3135 658 3175 ΙΙ
681 3135 720 3168 15
741 3129 790 3167 δι’
809 3131 996 3175 ἐντολέων]
1021 3145 1079 3177 per
1100 3145 1174 3178 pro-

94 3171 280 3216 curatorem
304 3180 351 3225 ςΙΙ
377 3178 442 3213 τὰς
466 3176 558 3213 ἰδίας
581 3175 604 3222 ἢ
628 3190 717 3215 oms
742 3178 754 3223 ΙΙ
778 3178 843 3212 τοῦ
868 3190 923 3211 om.
939 3178 988 3211 ΒΓ
1011 3181 1023 3221 ΙΙ
1049 3182 1089 3214 16
1114 3179 1176 3213 εἰς-

94 3227 271 3282 προίττειν
294 3227 457 3281 Nomen-'¹‘
485 3225 498 3268 ss
527 3225 567 3259 18
591 3222 735 3276 λιτρῶνυ
750 3226 894 3276 χρυσίου
918 3224 1071 3276 Νοηιοεξ
1095 3225 1176 3280 [1,19

95 3286 266 3351 isne
279 3269 627 3358 afferent
643 3269 661 3358 ,ν
683 3270 1087 3358 {sagittatus
1097 3266 1178 3357 5371

96 3365 134 3397 21
151 3363 228 3396 τῶν
238 3382 280 3387 -
294 3364 338 3396 24
351 3358 528 3406 προέλθοι
546 3372 601 3394 om.
612 3359 642 3393 S
654 3358 667 3404 ΙΙ
687 3360 728 3393 22
741 3355 870 3399 τόπον]
886 3354 1018 3392 τόπων
1033 3358 1124 3391 ΜΒε
1132 3360 1176 3401 (ς)

94 3406 162 3442 τὸν
183 3405 301 3442 τόπον
324 3406 377 3441 ΒΓ
388 3407 548 3441 Nomoc.m
571 3405 584 3450 ΙΙ
611 3406 653 3439 23
678 3405 826 3438 ἐναντία
850 3402 903 3436 ΒΓ
915 3403 927 3446 ΙΙ
944 3399 966 3444 ἢ
980 3422 1021 3427 --
1036 3404 1078 3437 24
1092 3415 1176 3448 προ-

96 3452 200 3486 έλθοι
223 3465 279 3486 om.
298 3452 346 3486 Bs
359 3452 372 3495 11
388 3454 437 3493 τι]
462 3463 537 3484 τινι
555 3448 738 3491 Νοηιοοέῑῆ
764 3450 807 3483 24
827 3446 1008 3494 προςέλθῃ
1031 3448 1081 3481 B⁶
1099 3447 1112 3485 ΙΙ
1134 3450 1175 3482 25

97 3495 392 3541 ἀναβαλλομένου
405 3496 473 3539 τὴν
486 3493 667 3539 ἐκδίκησιν
680 3495 708 3528 S
722 3494 735 3539 ΙΙ
755 3495 797 3528 26
811 3489 1034 3538 ἆναφερέτω]
1052 3489 1071 3525 ὁ
1090 3489 1176 3526 ἄνα-

97 3546 234 3588 φερέτω
258 3545 331 3586 (sie)
347 3543 378 3576 L
404 3542 417 3585 ΙΙ
447 3543 488 3575 27
515 3536 771 3584 σπουρτούλων
796 3539 842 3573 Μ
869 3535 1128 3582 σπορτούλλων
1149 3539 1179 3572 S

93 3590 242 3632 plerique
258 3590 302 3630 (et
316 3590 363 3622 sic
379 3589 492 3631 infra),
509 3585 718 3630 συνηθειιῦν
730 3584 778 3619 M
782 3597 808 3619 s.
817 3596 860 3627 v.,
872 3584 909 3618 B

1245 2672 1293 2705 eis
1314 2673 1361 2715 (in
1378 2685 1445 2705 ras.
1466 2671 1529 2714 V2)
1554 2673 1631 2706 libri
1646 2671 1659 2715 11
1682 2670 1889 2714 praeiudicio
1913 2670 2062 2703 fatiendo
2085 2669 2145 2712 R',
2177 2671 2326 2705 fatiendo

1245 2730 1303 2751 om.
1317 2717 1366 2751 Β*
1381 2715 1395 2761 ΙΙ
1413 2719 1432 2752 3
1449 2719 1683 2760 protraxerant
1704 2717 1748 2758 V]
1772 2716 1999 2759 protraxerint
2012 2716 2135 2759 Tvuly.
2154 2719 2326 2759 protraxe·

1244 2762 1291 2796 rit
1314 2763 1347 2796 R
1363 2762 1377 2807 ΙΙ
1402 2765 1422 2797 5
1443 2765 1482 2796 ut
1501 2764 1602 2807 woly]
1626 2764 1709 2795 tuno
1732 2761 1838 2795 RVT
1851 2760 1864 2806 ΙΙ
1887 2763 1907 2795 6
1932 2761 2101 2794 excusatio
2124 2761 2159 2794 R
2175 2760 2189 2806 ΙΙ
2212 2764 2231 2795 7
2255 2772 2326 2795 mo-

1244 2808 1349 2841 nache
1376 2808 1407 2841 T
1415 2807 1429 2827 ²
1459 2806 1472 2851 ΙΙ
1499 2811 1558 2840 aut
1580 2806 1778 2840 monasterie
1805 2806 1858 2840 1⁷²
1891 2808 1950 2838 aut
1973 2806 2174 2839 monasterio
2203 2805 2326 2850 V⁸T¹,

1246 2854 1307 2887 del.
1324 2852 1375 2886 Τ2
1392 2852 1404 2896 ΙΙ
1427 2854 1447 2887 8
1472 2853 1592 2894 cuique
1617 2853 1648 2885 R
1665 2853 1676 2894 ΙΙ
1705 2854 1746 2886 10
1769 2851 1972 2885 amonitione
1999 2850 2051 2884 T¹
2082 2851 2326 2885 adhomonitio-

1244 2908 1319 2931 nem
1344 2898 1396 2930 12⁰
1414 2897 1427 2941 ΙΙ
1441 2897 1644 2930 monasteria
1661 2897 1747 2931 RT²
1771 2895 1974 2937 monasterio
1992 2895 2049 2939 Vss
2065 2898 2125 2928 aut
2147 2896 2325 2930 assistriam

1245 2942 1422 2985 (assistet-ia
1447 2942 1512 2983 Τί)
1534 2942 1737 2975 monasterio
1761 2941 1973 2983 (monasteria
1994 2939 2061 2982 Rss)
2084 2940 2161 2982 ΒΤ,
2185 2951 2242 2974 om.
2264 2939 2326 3020 Vgl

1247 2990 1284 3023 11
1312 2988 1546 3031 procuratione
1569 2987 1650 3030 R²u
1678 2988 1718 3021 12
1743 2986 1814 3028 qui]
1839 2986 1927 3028 quod
1949 2985 1984 3018 R
2009 2984 2022 3027 ΙΙ
2044 2993 2106 3027 pro
2129 2995 2185 3018 om.
2208 2985 2241 3018 V
2284 2987 2300 3020 1

1245 3035 1313 3066 sive
1326 3035 1397 3075 per]
1413 3033 1483 3065 sive
1496 3042 1553 3065 oni.
1564 3032 1597 3065 R
1614 3031 1627 3074 ΙΙ
1642 3031 1712 3064 sive
1723 3033 1793 3074 per]
1810 3041 1869 3073 per
1885 3041 1941 3063 om.
1951 3029 1986 3063 R
2001 3029 2014 3072 fl
2031 3029 2240 3062 monasteriis
2291 3029 2302 3051 ¹
2313 3030 2326 3075 Η

1249 3081 1289 3113 14
1313 3076 1432 3110 scienti
1448 3077 1496 3110 Β*
1514 3076 1527 3119 ΙΙ
1544 3086 1643 3118 quam
1665 3076 1698 3109 T
1709 3075 1720 3096 ¹
1738 3074 1751 3118 ss
1766 3075 1847 3108 haec
1871 3086 1927 3108 om.
1950 3073 2006 3118 Vss
2023 3075 2326 3116 praetemarioatur

1247 3124 1297 3157 Ra
1312 3122 1325 3167 ΙΙ
1345 3124 1386 3156 15
1411 3120 1555 3155 iudicem
1577 3121 1628 3154 R*
1662 3128 1682 3153 a
1704 3119 1815 3153 iudice
1843 3120 1892 3152 T⁰
1909 3119 1922 3163 ss
1939 3121 2146 3152 executorem
2170 3119 2221 3152 13¹
2250 3130 2325 3154 exe-

1246 3167 1379 3201 cutione
1400 3166 1452 3200 T¹
1467 3166 1479 3209 ΙΙ
1505 3167 1550 3206 et]
1572 3165 1610 3198 in
1632 3165 1679 3198 Τ·
1697 3164 1711 3206 ΙΙ
1735 3163 1887 3207 cingulos
1912 3164 1993 3207 T⁰u
2018 3163 2243 3206 expoliabitur
2263 3165 2298 3199 V
2313 3163 2326 3210 ΙΙ

1248 3214 1290 3247 16
1310 3211 1351 3252 V]
1377 3211 1408 3244 X
1431 3209 1487 3254 Vfl
1516 3212 1553 3244 17
1580 3209 1733 3242 comitem
1758 3209 1838 3252 ΤἾΙ
1863 3219 1974 3242 rerum
1999 3209 2147 3250 om.R¹il
2172 3211 2326 3243 executo-

1245 3267 1314 3291 rem
1337 3256 1417 3290 V'1'1
1453 3256 1635 3288 exeoutn·
1660 3254 1710 3287 Β*
1731 3254 1745 3296 fl
1777 3255 1816 3289 18
1839 3256 1871 3287 et
1891 3254 1975 3295 ΒΤ]
2001 3254 2101 3287 etiarn
2123 3254 2156 3287 V
2173 3256 2186 3297 ΙΙ
2209 3252 2324 3288 uerbe-

1245 3301 1359 3335 rnmdo
1376 3300 1424 3334 132
1448 3299 1676 3333 uerba-nuta
1691 3299 1741 3333 R¹
1766 3299 2018 3333 uerberamenta
2037 3299 2070 3332 T
2089 3299 2228 3333 uerbere
2246 3301 2326 3334 aunt

1244 3349 1359 3389 inepta
1390 3344 1438 3379 V¹
1480 3345 1620 3378 uerbera
1646 3346 1779 3387 sumpta
1809 3343 1860 3378 1⁷⁸
1888 3345 1901 3388 ΙΙ
1928 3343 2140 3387 dirigendum
2168 3344 2219 3378 Β*
2236 3343 2326 3378 VT⁸

1245 3390 1431 3433 degendum
1451 3390 1485 3423 T
1491 3390 1501 3410 ¹
1527 3390 1540 3433 ΙΙ
1573 3392 1612 3425 19
1636 3390 1757 3422 sanctis
1782 3389 1815 3422 T
1837 3389 1850 3433 ΙΙ
1879 3390 1922 3423 20
1946 3390 2004 3422 fiat
2027 3391 2157 3432 (contra
2180 3389 2238 3422 fiat
2260 3389 2324 3430 13⁰)

1246 3436 1447 3470 contrarium
1469 3435 1502 3467 R
1519 3435 1531 3478 ΙΙ
1555 3436 1625 3476 aut]
1650 3437 1688 3468 ut
1713 3434 1804 3468 R¹T
1823 3434 1836 3478 u
1858 3434 1965 3477 aliqui
1989 3434 2039 3468 R¹
2062 3434 2075 3478 ΙΙ
2101 3435 2139 3468 21
2165 3433 2252 3467 uitio
2274 3432 2325 3467 R¹

1250 3482 1295 3515 T¹
1313 3480 1326 3525 Ι]
1342 3480 1485 3513 iudicem
1499 3480 1532 3513 R
1543 3480 1636 3514 V⁰T
1643 3480 1653 3501 ¹
1670 3479 1683 3523 ΙΙ
1701 3480 1744 3514 22
1765 3479 1970 3513 differentem
1988 3479 2159 3523 imponere
2181 3478 2231 3511 R*
2259 3477 2325 3511 dif-

1246 3526 1371 3559 ferente
1394 3524 1578 3567 intempore
1606 3525 1641 3559 V
1667 3525 1793 3558 inferte
1817 3525 2022 3558 differentem
2046 3524 2232 3566 (differente
2249 3522 2323 3564 ΤΞ),

1246 3573 1277 3605 in
1295 3583 1395 3614 marq.
1421 3570 1464 3603 ai.
1484 3571 1644 3613 inponere
1669 3571 1702 3604 T
1714 3570 1728 3614 ΙΙ
1745 3570 1787 3604 23
1811 3570 1975 3603 referatur
1994 3569 2029 3604 V
2045 3569 2059 3612 fl
2086 3569 2127 3603 27
2149 3566 2323 3611 Sportula-

1244 3617 1329 3656 rnm]
1362 3616 1402 3648 de
1425 3616 1652 3681 sportularum
1667 3614 1746 3660 Rq}
1769 3625 1943 3659 personam
1967 3626 2023 3649 om.
2045 3612 2125 3659 V¹fl
2154 3613 2197 3648 28
2222 3611 2321 3647 ecole-

1243 3661 1375 3694 siastico
1399 3671 1454 3694 om.
1477 3661 1508 3694 T
