2476 3854
128 104 235 149 Nov.
256 104 412 150 CXXV

625 264 708 307 ΙἯΞ

370 338 547 391 ΠΕΡΙ
579 337 965 392 ΔΙΚΑΣΤῼΝ.

169 547 228 595 (Ὁ
251 546 359 584 αὐτὸς
381 549 549 595 βασιλεὺς
569 554 698 597 Πέτρῳ
722 551 869 596 ἐπάρχῳ
894 553 1161 599 πραιτωρίων.)

182 618 483 662 (Προοίμιον.)
526 616 670 662 Ἐπειδῆ
693 630 786 654 τινες
809 620 887 653 τῶν
907 616 1090 654 δικαστῶν
1112 621 1204 665 μετὰ

126 661 275 696 πολλοὺς
305 665 368 705 τῆς
400 661 496 706 δίκης
520 661 664 710 ἀγῶνας
694 667 754 698 καὶ
786 662 956 699 πλείστας
979 666 1104 709 ζημίας
1132 670 1205 700 τοῖς

124 705 367 752 δικαζομένοις
388 711 578 755 γινομένας
602 710 662 744 ἐπὶ
684 712 762 743 ταῖς
785 705 876 754 παρ’
901 706 1018 744 αὐτοῖς
1043 714 1203 756 κινουμέ-

123 763 201 786 ναιε
223 750 424 787 ὑποθέσεσι
453 753 629 798 μηνύσεσι
653 757 842 807 κέχρηνται
856 754 964 809 ,πρὸς
986 753 1202 808 τὴν-ἡμετέ-

1186 105 1271 153 630

1666 123 1727 155 11'1·
1753 123 1934 156 mmcns
1963 123 2055 157 NON
2082 125 2349 159 mmmm·

1650 275 1791 313 CXXV.
1836 277 1947 314 Auth.
1958 277 2083 315 CXVI.
2101 278 2188 315 Coll.
2197 277 2249 314 IX
2261 279 2349 316 tim

1268 343 1321 392 R
1346 342 1441 393 UT
1465 343 1743 396 IUDICES
1772 345 1914 397 NON
1937 346 2348 399 EXPECTENT

1271 410 1663 472 IUSSIONEM,
1712 412 1845 464 SED
1889 414 2077 474 QUAE
2112 415 2348 466 VIDEN-

1398 479 1541 529 TUR
1574 479 1684 531 EIS
1719 480 2139 532 DECERNANT
2169 483 2222 532 R

1547 556 1644 592 mem
1666 556 1758 602 Aug.
1785 557 1964 595 Gabrielio
1986 570 2022 605 p.
2047 570 2082 596 u.

1325 621 1618 675 (Praefatio.)
1658 623 1831 669 Quoniam
1853 626 1996 671 quidam
2014 626 2247 664 iudicantium
2265 629 2349 674 post

1273 669 1385 702 multa
1418 668 1490 704 lltls
1521 668 1718 704 certamina
1751 671 1787 706 et
1815 670 1969 715 plurima
1998 671 2219 717 litigantibus
2249 673 2348 709 facta

1273 712 1459 757 dispendia
1488 712 1527 748 in
1550 714 1699 758 negotiis
1722 714 1818 759 apud
1847 725 1908 751 eos
1931 716 2037 752 motis
2061 718 2347 762 suggestionibus

1271 760 1422 793 utuntur
1445 757 1492 794 ad
1516 762 1674 794 nostram
1695 759 2007 804 tranquillitatem,
2037 764 2217 807 praesenti
2239 773 2346 816 gene·

122 810 190 843 ραν
212 797 459 844 γαληνότητα,
480 802 540 833 καὶ
562 800 671 834 τοῦτο
694 813 747 842 τῳ
769 812 926 855 παροντι
947 812 1078 846 γενικῳ
1098 800 1202 847 νόμῳ
1219 805 1259 837 10
1271 802 1337 837 rali
1365 802 1442 847 lege
1470 803 1561 839 haec
1585 804 1832 848 perspeximus
1855 806 2060 849 emendare,
2091 817 2136 843 ne
2159 807 2346 844 dilationes

123 841 331 888 συνείδομεν
355 842 660 890 διορθώσασθαι,
694 842 782 879 ὦςτε
809 858 858 889 μη
891 846 1093 891 υπέρθεσιν
1126 850 1203 882 ταῖς

122 885 344 923 ὑποθέσεσιν
368 891 407 923 ἑκ
429 887 558 924 τούτου
581 890 754 936 γίνεσθαι
784 893 846 924 καὶ
875 888 962 925 ἄλλο
982 887 1094 925 πάλιν
1117 904 1202 937 προ-

122 936 241 978 οίμιον
265 934 330 969 τὰς
354 935 529 975 ἐξετάσεις
551 934 762 979 λαμβάνειν.

1271 847 1421 891 negotiis
1456 857 1500 883 ex
1535 848 1603 883 hoc
1637 848 1728 884 fiant
1768 851 1803 885 et
1838 850 1937 886 aliud
1970 861 2094 888 rursus
2131 853 2347 898 principium

1271 894 1548 929 examinationes
1572 893 1763 939 accipiant.

1131 1049 1287 1086 CAPUT
1307 1051 1335 1086 Ι.

166 1111 367 1159 Κελεύομεν
387 1118 512 1169 τοίνυν
533 1114 673 1170 μηδένα
694 1116 772 1151 τῶν
792 1114 976 1151 δικαστῶν
999 1113 1093 1151 καθ’
1108 1116 1201 1152 οἷον·

1326 1118 1493 1154 Iubemus
1515 1117 1623 1163 igitur
1645 1119 1782 1155 nullum
1804 1118 2037 1156 iudicantium
2060 1121 2220 1166 quolibet
2240 1121 2347 1159 modo

122 1157 257 1202 δήποτε
285 1161 425 1206 τρόπον
454 1175 475 1204 η
506 1174 640 1207 χρονον
671 1162 730 1196 ἐπὶ
754 1164 831 1196 ταῖς
853 1158 943 1216 παρ’
971 1159 1091 1197 αὐτοῖς
1115 1175 1143 1198 π
1167 1176 1202 1196 0-
1218 1166 1257 1198 15
1271 1163 1325 1198 vel
1348 1167 1507 1208 tempore
1538 1174 1605 1208 pro
1630 1164 1746 1200 causis
1779 1164 1874 1209 apud
1897 1175 1936 1201 se
1958 1167 2153 1211 propositis
2183 1167 2347 1203 nuntiare

120 1205 329 1249 τιθεμέναις
362 1203 474 1240 δίκαις
501 1207 652 1251 μηνύειν
683 1206 773 1250 πρὸς
796 1206 865 1249 τὴν
888 1209 1065 1252 ημετέραν
1094 1220 1141 1255 γα
1164 1222 1201 1251 η-

120 1249 275 1294 νότητα,
308 1247 387 1284 ἀλλ’
415 1251 596 1294 ἐξετάζειν
618 1251 759 1286 τελείως
786 1251 830 1286 τὸ
855 1253 1004 1298 πρᾶγμα
1027 1255 1087 1286 καὶ
1111 1249 1202 1299 ὅπερ

120 1293 239 1330 αὐτοῖς
270 1293 410 1330 δίκαιον
444 1300 504 1330 καὶ
534 1296 691 1342 νόμιμον
725 1300 855 1343 φανείη
887 1301 1033 1343 κρίνειν.
1080 1300 1140 1332 καὶ
1172 1300 1202 1332 εἰ

1271 1208 1316 1244 ad
1339 1212 1498 1245 nostram
1527 1209 1834 1253 tranquillitatem,
1865 1209 1928 1246 sed
1955 1212 2158 1248 examinare
2187 1211 2348 1257 perfecte

1271 1263 1414 1289 causam
1438 1257 1474 1289 et
1493 1254 1586 1299 quod
1610 1254 1660 1289 eis
1684 1254 1816 1290 iustum
1840 1254 2103 1301 legitimumque
2124 1256 2263 1293 videtur
2284 1257 2345 1293 de·

1271 1309 1436 1344 cemere3
1461 1302 1497 1334 et
1520 1298 1551 1335 si
1574 1299 1714 1344 quidem
1737 1303 1858 1345 partes
1883 1302 2100 1338 cessaverint
2120 1301 2159 1338 in
2175 1301 2231 1338 his
2254 1312 2347 1348 quae

118 1342 186 1385 μὲν
207 1340 255 1375 τὰ
278 1343 366 1386 μέρη
391 1343 605 1394 ξφησυχιίσει
626 1345 699 1377 τοῖς
721 1345 953 1397 κεκριμένοις,
984 1342 1054 1396 τῂν
1076 1344 1202 1389 ψῆφον
1270 1343 1414 1380 decreta
1437 1347 1536 1388 sunt,
1569 1344 1771 1381 executioni
1795 1345 1958 1381 contradi
1980 1347 2194 1383 sententiam
2217 1357 2345 1384 secun-

119 1389 179 1419 καὶ
203 1389 381 1431 ἐκβιβασμ

120 1429 285 1476 δύναμιν.
333 1432 363 1465 εἰ
410 1434 430 1465 ε’
448 1443 502 1467 τις
524 1436 681 1477 νομίσειε
705 1434 743 1466 ἐκ
765 1435 828 1476 τῆς
847 1429 1060 1467 αὐτοτελοῦς
1078 1444 1201 1480 ψηφου

119 1477 250 1511 ἑαυτὸν
273 1476 506 1524 βεβλάφθαι,
538 1477 698 1522 ἐκκλήτῳ
731 1478 931 1523 κεχρῆσθαι
954 1481 1107 1523 νομίμῳ,
1140 1481 1202 1513 καὶ

121 1519 233 1565 αὐτὴν
267 1522 359 1556 κατὰ
393 1522 461 1565 τὴν
492 1520 564 1558 ὑπὸ
599 1524 677 1557 τῶν
711 1523 837 1567 νόμων
873 1521 1114 1569 διωρισμένην
1144 1525 1200 1571 ἐγ-

447 1385 723 1434 παραδίδοσθαι
752 1400 846 1422 κατα
877 1401 946 1431 την
974 1400 1051 1422 των
1073 1388 1202 1443 νόμων
1215 1391 1256 1424 20
1269 1389 1354 1424 dum
1376 1390 1491 1434 legum
1515 1389 1692 1425 virtutem.
1739 1390 1777 1425 Si
1799 1393 1918 1426 autem
1948 1390 2075 1437 aliquis
2098 1392 2278 1437 putaverit
2302 1402 2348 1428 ex

1267 1435 1408 1480 prolata
1431 1434 1624 1470 novissima
1648 1435 1827 1471 sententia
1857 1445 1896 1471 se
1917 1435 2074 1480 laesum,
2107 1437 2347 1482 appellatione

1267 1482 1391 1515 utatur
1419 1480 1590 1524 legitima,
1624 1483 1659 1515 et
1682 1479 1772 1516 haec
1801 1480 1997 1517 secundum
2026 1481 2185 1518 ordinem
2206 1482 2345 1528 legibus

1267 1525 1448 1562 definitum
1477 1525 1696 1560 examinetur
1729 1529 1766 1561 et
1794 1525 1992 1571 perfectum
2021 1527 2195 1572 suscipiat
2225 1527 2346 1564 termi-

118 1564 371 1614 γυμνάζεσθαι
389 1567 496 1608 τάξιν
516 1572 576 1603 καὶ
594 1566 731 1603 τέλειον
751 1571 860 1615 πέρας
881 1566 1063 1611 δέχεσθαι.
1108 1569 1140 1603 εἰ
1160 1567 1200 1603 δὲ
1265 1581 1361 1607 num.
1409 1570 1449 1606 Si
1470 1574 1589 1606 autem
1618 1570 1689 1606 duo
1721 1570 1777 1607 vel
1801 1571 1951 1617 amplius
1980 1571 2114 1608 fuerint
2146 1572 2344 1618 cognitores

119 1611 184 1647 δύο
208 1615 268 1646 καὶ
292 1611 452 1648 πλείονες
474 1613 545 1648 εἶεν
568 1614 631 1657 τῆς
655 1611 752 1656 δίκης
775 1611 1032 1667 διαγνώμονες,
1056 1617 1118 1649 καὶ
1138 1627 1198 1659 με·
1211 1615 1349 1660 25111213,
1378 1618 1415 1651 et
1445 1615 1564 1661 aliqua
1586 1615 1681 1651 inter
1704 1625 1765 1651 eos
1788 1618 1944 1661 emergat
1966 1616 2205 1661 dissonantia,
2238 1618 2348 1654 etiam

118 1657 209 1699 ταξὺ
243 1655 367 1692 αὐτῶν
399 1655 541 1706 ἇναφυῇ
574 1657 775 1704 διαφωνία,
807 1662 867 1692 καὶ
891 1672 988 1694 ουτω
1011 1658 1201 1704 κελεύομεν

119 1705 185 1737 ἕνα
215 1704 368 1737 ἕκαστον
394 1701 538 1738 τούτων
570 1704 661 1738 κατὰ
690 1703 737 1738 τὰ
767 1704 971 1751 φαινόμενα
1000 1700 1100 1748 αύτῷ
1132 1705 1201 1749 τὴν

119 1746 217 1783 ἰδίαν
241 1746 386 1783 διδόναι
409 1750 543 1795 ψῆφον.

170 1791 286 1837 (Ἐπί
294 1792 452 1840 λογοε.)
503 1793 552 1828 Τὰ
571 1797 696 1829 τοίνυν
719 1791 781 1827 διὰ
799 1794 863 1828 τοῦ
883 1795 1063 1848 παρρντος
1085 1794 1198 1840 νόμου

1267 1661 1319 1698 sic
1350 1661 1513 1697 iubemus
1549 1671 1832 1706 unumquemque
1867 1662 1992 1697 horum
2026 1662 2219 1699 secundum
2252 1662 2347 1709 quod

1267 1706 1407 1743 videtur
1429 1707 1463 1742 ei
1485 1716 1587 1743 suam
1610 1706 1696 1742 dare
1718 1706 1941 1742 sententiam.

1326 1795 1629 1848 (Epilogus)-
1651 1796 1751 1841 Quae
1773 1795 1881 1841 igitur
1902 1807 1967 1842 per
1989 1799 2213 1843 praesentem
2234 1797 2348 1843 legem

119 1839 184 1873 τοῦ
214 1840 262 1874 εἰς
291 1838 334 1873 τὸ
367 1836 524 1883 διηνεκὲς
558 1836 765 1883 ἰσχύσαντος
798 1839 898 1885 παρὰ
932 1851 997 1884 της
1030 1836 1200 1887 ἡμετέρας
1213 1840 1306 1877 30111
1327 1842 1540 1887 perpetuum
1562 1841 1750 1878 vahturam
1772 1845 1896 1878 nostra
1915 1842 2153 1888 tranquillitas
2176 1842 2345 1887 definivit,

186 1931 271 1966 Nov.
293 1930 436 1965 CXXV
451 1930 612 1972 (Anthent.
633 1931 758 1965 CXVI
768 1946 813 1960 ==
832 1931 912 1966 Colt.
929 1931 990 1965 IX
1003 1933 1050 1966 tit.
1064 1933 1101 1966 4:
1125 1933 1238 1976 yloss.)
1266 1932 1391 1967 Graece
1415 1939 1502 1967 extat
1525 1934 1559 1967 in
1583 1933 1674 1975 ML,
1696 1946 1769 1977 cap.
1784 1936 1800 1968 1
1826 1935 1859 1968 in
1883 1934 1920 1968 Β
1944 1935 1976 1976 Ί,
1992 1940 2062 1977 1,18
2086 1944 2156 1968 cum
2176 1934 2277 1969 schol.
2299 1952 2346 1960 -

119 1977 212 2020 Epit.
238 1977 358 2010 Theod.
385 1977 459 2017 125,
490 1975 611 2009 Athan.
631 1977 663 2019 4,
675 1984 706 2010 17
731 1976 821 2019 (inde
839 1977 1003 2020 paratitla
1024 1977 1100 2011 Aeh.
1119 1979 1140 2012 5
1160 1982 1218 2017 §9.
1244 1978 1265 2012 8
1285 1978 1357 2021 §5).
1404 1978 1526 2011 Iulian.
1551 1985 1649 2012 const.
1676 1979 1787 2013 CXII.

1159 2119 1310 2157 CXXV.

915 2186 1030 2238 ΒΕ
1068 2186 1548 2240 IUDICIBUS.

792 2264 895 2303 Idem
918 2266 1107 2313 Auqustus
1129 2266 1240 2303 Petro
1261 2267 1454 2314 praefecto
1470 2267 1677 2314 praetorio.

196 2336 200 2341 “
251 2334 551 2382 (Praefatio.)
598 2334 773 2377 Quoniam
803 2334 970 2370 nonnulli
1001 2345 1051 2371 ex
1079 2333 1258 2371 iudicibus
1282 2337 1372 2382 post
1401 2333 1516 2371 multa
1547 2334 1622 2371 litis
1651 2335 1851 2371 certamina
1879 2339 1915 2371 et
1934 2335 2095 2382 plurima
2117 2335 2250 2372 damna
2273 2336 2344 2373 liti-

116 2381 286 2428 qantibus
307 2380 346 2415 in
369 2380 489 2416 causis
512 2380 614 2426 apud
634 2380 734 2426 ipsos
757 2379 864 2431 motis
884 2379 991 2431 illata
1013 2379 1250 2431 relationibus
1268 2380 1328 2416 usi
1346 2383 1433 2432 sunt
1454 2379 1504 2432 acl
1525 2383 1688 2432 nostram
1711 2380 1959 2432 serenitatem,
1981 2380 2050 2417 hoe
2069 2391 2214 2428 quoque
2234 2392 2342 2433 prae-

116 2425 394 2478 senti-qenerali
417 2425 495 2471 leqe
517 2425 707 2461 emendare
729 2424 834 2460 nobas
856 2435 970 2461 visum
993 2428 1059 2468 est,
1085 2435 1132 2461 ne
1153 2425 1237 2461 inde
1259 2426 1298 2460 in
1321 2435 1443 2461 causas
1463 2423 1657 2461 delationes
1677 2425 1773 2470 fiant
1792 2431 1830 2461 et
1851 2425 1954 2462 aliud
1973 2436 2102 2462 rursus
2122 2426 2344 2473 principium

118 2472 343 2517 coqmtiones
367 2471 525 2516 capiant.

251 2517 279 2551 1.
329 2514 496 2551 Iubemus
515 2515 629 2562 iqitur
651 2514 790 2551 nullum
808 2514 967 2551 iudicum
990 2514 1066 2551 ullo
1086 2514 1193 2551 modo
1216 2517 1282 2550 aut
1305 2517 1463 2561 tempore
1485 2515 1525 2551 in
1548 2515 1669 2550 causis
1691 2514 1792 2561 apud
1813 2525 1876 2551 eos
1896 2515 2095 2562 propositis
2117 2514 2168 2551 ad
2181 2518 2342 2552 nostram

116 2562 342 2598 serenitatem
373 2571 449 2597 rem
477 2560 634 2612 deferre,
663 2560 728 2596 sed
750 2561 919 2607 perfecte
949 2561 1162 2597 examinare
1190 2569 1338 2596 causam
1367 2563 1403 2595 et
1425 2559 1526 2606 quod
1551 2559 1619 2595 sibi
1642 2560 1775 2596 iustum
1799 2564 1908 2606 atque
1935 2559 2131 2606 quitimum
2160 2561 2275 2597 visum
2294 2562 2344 2598 sit

115 2606 289 2642 iudicare.
338 2605 389 2642 Et
409 2606 445 2641 si
466 2606 608 2652 quzdem
623 2609 755 2653 partes
776 2606 947 2642 iudicatis
966 2605 1227 2651 acquieverint,
1258 2605 1437 2641 sententia
1459 2606 1565 2641 etiam
1589 2605 1795 2642 executioni
1819 2604 1987 2641 tradatur
2008 2604 2202 2641 secundum
2226 2605 2344 2652 lequm

119 2656 285 2688 tenorem.
332 2650 374 2686 Si
396 2651 478 2697 quis
501 2655 619 2686 autem
650 2662 699 2687 ex
722 2650 906 2696 definitiva
937 2651 1114 2686 sententia
1144 2661 1183 2686 se
1213 2650 1345 2686 damno
1376 2650 1546 2696 affectum
1577 2660 1654 2686 esse
1674 2650 1876 2697 putaverit,
1911 2649 2072 2696 leqitima
2098 2661 2121 2685 a
2141 2650 2344 2697 pellatione

118 2702 254 2739 utatur,
286 2706 400 2741 eaque
422 2695 614 2731 secundum
639 2696 801 2731 ordinem
825 2708 848 2732 a
872 2696 1010 2743 leqibus
1032 2695 1218 2741 definitum
1242 2700 1459 2731 exerceatur
1477 2699 1518 2747 et
1536 2695 1740 2747 perfectum

1793 2706 1872 2731 nem
1896 2695 2064 2741 accipiat.
2169 2694 2252 2732 odsi
2270 2695 2343 2732 duo

109 2742 281 2789 pluresve
311 2743 384 2776 sint
414 2741 488 2776 litis
518 2741 734 2786 coquamus,
770 2745 806 2777 et
835 2741 930 2777 inter
959 2751 1020 2777 eos
1050 2741 1233 2776 dissensus
1262 2741 1416 2783 oriatur,
1450 2751 1504 2776 stc
1535 2751 1679 2787 quoque
1713 2750 1751 2775 iu
1775 2750 1873 2776 emus
1903 2750 2190 2786 unumquemque
2219 2744 2344 2777 eoram

117 2786 413 2833 quemadmodum
436 2786 508 2833 ipsi
531 2786 696 2822 videatur
718 2787 932 2823 sententiam
954 2797 1059 2822 suam
1079 2786 1195 2832 ferre.

253 2830 494 2878 Epiloqus.
543 2830 642 2873 Quae
663 2831 776 2876 iqitur
792 2843 865 2878 per
881 2835 1112 2878 praesentem
1136 2831 1247 2878 leqem
1278 2830 1318 2866 in
1332 2834 1553 2878 perpetuum
1577 2829 1769 2867 valituram
1792 2840 1816 2865 a
1837 2832 1964 2866 nostra
1986 2829 2178 2866 serenitate
2206 2831 2344 2866 statuta

184 2970 205 3003 2
220 2970 308 3001 rubr.
333 2969 421 3010 Περὶ
447 2962 629 2999 δικαστῶν
653 2967 725 2999 ML
744 2967 876 3021 Themi.)
906 2962 1016 3000 “Ώστε
1039 2966 1120 3001 τοὺς
1143 2964 1194 3000 δι-

116 3013 248 3047 καστὰς
262 3011 311 3057 μὴ
326 3008 518 3055 ἀναμένειν
533 3010 639 3044 θείας
653 3009 837 3053 κελεύσεις,
854 3010 944 3044 αλλὰ
960 3011 1003 3045 τὰ
1018 3009 1195 3046 δοκοῦντα

117 3056 236 3093 αὐτοῖς
259 3055 487 3103 ψηφίζεσθαι
510 3056 587 3089 ΔιΙι.
603 3067 623 3092 ς
644 3054 657 3100 ΙΙ
688 3058 707 3089 5
731 3058 826 3090 inser.
852 3070 909 3090 om.
936 3058 1025 3100 ML,
1048 3059 1197 3101 supplevi

117 3118 155 3139 ex
178 3105 254 3138 Aah.
285 3105 341 3148 (cf.
366 3105 487 3136 subscr.
514 3102 634 3135 Theod.
659 3102 750 3144 infra
778 3102 823 3134 ad
846 3103 994 3143 631‚10).
1046 3103 1197 3137 Gabrieli

114 3151 222 3194 praefi
252 3150 327 3183 urbi
353 3148 538 3191 inscriptum
571 3148 733 3190 exemplar
763 3149 906 3189 sequitur
930 3158 964 3187 ς,
996 3149 1052 3181 ubi
1081 3149 1146 3182 vid.
1181 3146 1193 3191 ΙΙ

117 3196 137 3229 6
160 3190 305 3237 Ἐπειδή
329 3202 423 3227 τινες
446 3191 597 3228 ΕςΑἰΙι.
613 3192 746 3232 Theoti]
778 3189 910 3224 Πολλοὶ
935 3192 1028 3224 τινὲς
1053 3193 1098 3225 Μ
1115 3193 1128 3236 ΙΙ
1155 3195 1194 3226 10

117 3242 175 3272 καὶ
199 3240 319 3280 τοῦτο]
343 3239 424 3271 haec
447 3248 467 3273 ς
482 3237 495 3281 ΙΙ
523 3239 564 3272 12
587 3234 772 3271 ὑπόθεσιν
797 3236 844 3268 L¹
863 3236 875 3275 ΙΙ
898 3236 1040 3269 τούτων
1066 3238 1095 3270 L
1112 3238 1124 3280 ΙΙ
1153 3239 1194 3271 19

118 3283 324 3339 ἐφησυῇάσῃ
345 3283 393 3317 Bt
410 3282 422 3326 ΙΙ
448 3284 490 3316 20
513 3284 574 3315 καὶ
598 3293 656 3315 om.
680 3294 699 3318 ς
715 3281 727 3324 ΙΙ
747 3282 785 3315 21
814 3281 982 3324 *νομίσοι
1000 3282 1109 3314 MLB
1125 3282 1137 3325 ΙΙ
1156 3282 1195 3314 ἐκ

117 3331 178 3372 τῆς
195 3326 404 3363 amentata
420 3327 555 3372 ψήφου]
572 3337 611 3359 ex
625 3326 756 3370 prolata
772 3326 949 3359 novissima
967 3327 1134 3359 sententia
1150 3339 1169 3362 ς
1183 3326 1195 3371 Η

118 3376 160 3408 23
181 3372 421 3418 διωρισμένην
440 3370 728 3418 ἐκγυμνάζεσθαι
743 3372 775 3404 L
800 3368 1090 3417 ἐγγυμνάζεσθαι
1111 3368 1194 3404 διω-

117 3422 289 3507 {eeu
311 3419 362 3507 fl
380 3415 706 3508 *2¹⁶²{2vteiffe251
791 3416 914 3494 tte
1120 3418 1154 3458 <²²
1168 3429 1194 3450 ε-

221 3479 232 3498 ι
564 3477 568 3490 ἶ

179 3601 195 3633 1
221 3598 307 3633 Νου.
325 3598 516 3631 CXXV=
531 3597 630 3631 Auen.
647 3597 770 3630 CXVI
790 3609 848 3630 om.
865 3596 910 3638 R,
934 3597 967 3630 in
992 3595 1025 3628 T
1042 3596 1196 3638 repetitur

118 3644 200 3677 inter
224 3650 470 3685 extravayantes
494 3645 527 3676 in
552 3643 730 3685 appendice
755 3644 796 3674 ab
821 3642 887 3675 alio
912 3640 1048 3675 librario
1071 3641 1196 3683 scripta

115 3691 142 3730 s·
163 3690 225 3723 179
238 3689 293 3730 (=
306 3688 365 3730 D).
400 3688 440 3721 In
465 3688 533 3721 cod.
551 3687 745 3721 Monacensi
767 3687 854 3729 (olim
870 3685 1083 3730 Frieinqensi)
1107 3685 1194 3719 6359

1265 2974 1352 3000 extat
1383 2974 1519 3000 extremo
1552 2967 1619 2999 Ioco
1648 2966 1771 3009 scripta
1797 2971 1873 3008 post
1900 2976 1971 2998 nov.
1997 2964 2162 2998 CXXIII
2176 2979 2221 2993 ι--
2244 2963 2341 2997 Auta.

1267 3012 1509 3055 CXXXIVf.
1528 3012 1570 3044 76
1586 3012 1643 3053 (=
1658 3011 1702 3053 F)
1720 3010 1732 3053 ΙΙ
1750 3011 1770 3043 2
1787 3012 1875 3043 rubr.
1892 3021 1951 3042 om.
1964 3008 2057 3045 DFn
2075 3011 2094 3042 5
2117 3010 2212 3042 inser.
2230 3020 2288 3041 om.
2306 3009 2342 3050 F}

1263 3057 1314 3090 Id.
1334 3058 1375 3090 A.
1396 3056 1530 3100 reliquis
1551 3056 1674 3089 omissis
1694 3055 1730 3088 D
1747 3055 1759 3098 ΙΙ
1778 3052 1900 3096 {sprum
1925 3053 1958 3086 T
1987 3052 2126 3097 pp‘drum
2148 3053 2183 3087 V
2206 3051 2274 3096 ppo
2297 3054 2341 3087 al.

1264 3104 1299 3144 (i.
1310 3114 1335 3135 e.
1353 3101 1595 3144 praetoriorum
1611 3101 1663 3133 vel
1677 3098 1873 3143 praetorio);
1904 3108 1936 3141 p.
1954 3107 1987 3131 u.
2005 3100 2026 3131 i.
2039 3110 2065 3132 e.
2083 3097 2248 3140 praefecto
2265 3097 2343 3131 urbi

1263 3148 1402 3180 restituit
1418 3146 1605 3179 Zachariae
1621 3146 1676 3188 (cf.
1693 3145 1741 3178 Io.
1760 3145 1874 3187 Lydus
1898 3144 1937 3176 de
1956 3155 2040 3186 may.
2058 3144 2090 3184 3,
2108 3145 2158 3184 38)
2183 3141 2199 3194 u
2221 3144 2241 3176 6
2266 3142 2342 3186 qui*-

1264 3192 1337 3224 dem
1360 3192 1393 3224 F
1417 3190 1429 3233 ΙΙ
1457 3189 1623 3223 iudicanti
1651 3189 1685 3223 V
1711 3187 1940 3222 iudicantibus
1968 3188 2064 3221 T¹D
2092 3187 2105 3232 ss
2135 3190 2153 3222 7
2175 3186 2341 3230 litiganti-

1264 3238 1337 3278 bus]
1361 3246 1382 3269 a
1397 3235 1610 3277 litigantibus
1626 3235 1660 3267 F
1667 3235 1752 3277 vuly.
1771 3234 1784 3277 ΙΙ
1807 3235 1827 3268 9
1848 3232 2139 3274 tranquillitatem]
2164 3231 2271 3274 legem
2286 3231 2342 3265 uel

1263 3282 1304 3315 ad
1320 3280 1598 3322 tranquillitatem
1615 3279 1650 3312 D
1667 3278 1680 3322 ΙΙ
1696 3279 1769 3321 lege
1784 3277 1932 3321 generali
1954 3278 1987 3311 V
2001 3277 2014 3321 ΙΙ
2042 3280 2083 3312 10
2101 3279 2164 3311 1100
2180 3277 2305 3321 Fvulq.

1266 3328 1303 3362 11
1331 3335 1371 3359 ex
1393 3326 1456 3359 hoc
1480 3324 1628 3367 negociis
1653 3325 1688 3358 F
1702 3324 1714 3367 ΙΙ
1742 3326 1779 3358 17
1802 3323 1988 3365 legitimum
2010 3323 2058 3356 V·
2075 3322 2087 3366 ΙΙ
2113 3322 2262 3356 desinere
2282 3321 2315 3355 F

1266 3373 1308 3406 18
1331 3373 1365 3404 et
1385 3384 1442 3405 om.
1458 3371 1491 3404 F
1508 3369 1520 3414 ΙΙ
1550 3369 1735 3403 cetauerint
1758 3370 1791 3402 F
1821 3378 1889 3401 non
1912 3367 2115 3401 cessauerint
2140 3366 2191 3401 Τς
2207 3367 2219 3410 ΙΙ
2236 3366 2285 3408 in]
2308 3367 2342 3399 et

1266 3418 1299 3450 F
1315 3416 1327 3460 ΙΙ
1345 3416 1433 3458 quod
1458 3415 1508 3449 T²
1524 3415 1537 3459 ΙΙ
1558 3417 1598 3450 19
1618 3414 1748 3448 decerta
1769 3414 1818 3447 V¹
1842 3414 1951 3446 creata
1974 3412 2023 3446 Τι
2053 3412 2200 3445 detracta
2222 3411 2316 3444 T²F

1264 3461 1426 3502 contradi]
1458 3460 1654 3493 mandarent
1679 3460 1713 3493 F
1727 3459 1740 3503 ss
1765 3457 1930 3492 sententia
1956 3458 1988 3491 T
2008 3456 2020 3501 ΙΙ
2045 3458 2087 3492 20
2112 3459 2162 3497 ex]
2193 3466 2260 3490 esse
2282 3456 2316 3489 F

1264 3508 1303 3540 21
1330 3506 1437 3539 laesus
1462 3505 1541 3549 T¹11
1566 3507 1608 3539 22
1632 3505 1781 3547 legitima
1804 3505 1919 3536 utatur
1944 3503 1979 3535 F
1992 3501 2005 3547 fl
2030 3502 2093 3535 hoo
2117 3502 2240 3544 Fvulq.
2259 3500 2272 3544 ΙΙ
2297 3501 2317 3534 2

1263 3550 1462 3593 suscipiatur
1488 3551 1536 3583 Τι
1553 3550 1565 3594 ΙΙ
1593 3551 1635 3583 24
1659 3550 1780 3590 autem]
1805 3548 1894 3581 enim
1920 3547 1952 3581 T
1969 3546 1982 3591 ΙΙ
2008 3546 2086 3588 duo]
2109 3546 2165 3580 uel
2188 3546 2254 3579 duo
2278 3541 2341 3596 Fjl

1265 3595 1457 3636 cognicione
1484 3596 1518 3628 F
1533 3595 1546 3638 ΙΙ
1570 3597 1611 3628 25
1636 3594 1782 3636 aliquam
1807 3612 1849 3617 —
1874 3591 2110 3625 dissonantiam
2137 3590 2198 3635 Fu
2225 3590 2267 3624 26
2291 3596 2340 3622 sio

1264 3652 1323 3673 om.
1342 3640 1377 3672 D
1401 3639 1413 3683 ΙΙ
1442 3649 1643 3679 unumquem
1670 3639 1721 3672 Τι
1743 3638 1758 3682 fl
1786 3648 1898 3671 eorum
1924 3637 2045 3680 Fvulq.
2073 3636 2086 3680 ΙΙ
2114 3638 2155 3670 27
2179 3644 2239 3668 sua
2262 3633 2339 3667 dare

1263 3684 1428 3717 sententia
1451 3684 1499 3718 V¹
1517 3684 1529 3723 ΙΙ
1554 3687 1595 3718 29
1620 3683 1736 3726 igitur]
1761 3684 1870 3715 autem
1896 3682 1929 3715 'l'
