2592 3840
274 76 385 120 Now
411 78 633 121 LXXVIII
663 82 700 121 3.
732 83 758 122 4

273 187 405 234 γαμικὰ
441 192 669 224 συνταττέτω
706 187 923 233 συμβόλαια·
960 188 1096 234 ταύτην
1129 190 1196 239 γὰρ
1231 190 1348 236 μόνην

273 233 495 278 ἀπαιτοῦμεν
525 235 614 278 μετὰ
645 234 713 277 τὴν
744 235 955 280 ἐλευθερίαν
986 235 1053 278 τὴν
1085 237 1345 284 παρατήρησιν.

273 282 333 312 καὶ
356 282 523 313 ἔστωσαν
548 283 607 313 καὶ
631 279 667 313 οἱ
689 278 934 326 προλαβόντες
957 279 1082 315 παῖδες
1110 286 1170 315 καὶ
1198 283 1232 316 οἱ
1258 284 1348 327 μετὰ

273 324 318 357 τὰ
341 326 505 369 προικςῦα
528 325 717 366 τεχθέντες
749 324 938 369 ἐλεύθεροί
957 338 998 359 τε
1020 329 1081 359 καὶ
1105 324 1264 373 εὐγενεῖς,
1288 333 1348 362 καὶ

272 368 412 414 γνήσιοί
433 383 472 415 γε
495 370 565 413 μὴν
589 372 642 412 τῴ
665 373 775 416 πατρὶ
799 368 969 412 διάδοχοι,
993 371 1054 413 τῆς
1078 371 1252 415 αἰτήσεως
1270 375 1348 409 τῶν

273 416 415 459 χρυσῶν
438 414 640 448 δακτυλίωιΙ
664 418 722 447 καὶ
747 416 809 448 τοῦ
831 414 969 449 δικαίου
993 416 1054 459 τῆς
1077 416 1349 464 παλιγγενεσίας

273 457 547 505 ἀπηλλαγμένοι,
572 463 631 492 καὶ
654 457 825 502 οὐδεμίαν
849 459 1037 494 παντελῶς
1060 463 1199 504 ἔχοντες
1222 461 1346 508 διαφο-

274 504 340 548 ρὰν
375 506 462 548 πρὸς
495 506 538 538 τὰ
576 504 683 538 λοιπὰ
718 506 796 538 τῶν
827 498 865 538 εὖ
895 504 1102 551 γεγονότων
1133 511 1347 542 συνοικέσια.

274 549 459 601 ἐλευθερία
483 551 556 599 ἡγαρ
588 550 648 600 τῆς
679 548 810 594 μητρὸς
846 554 907 583 καὶ
938 550 1027 595 πρός
1056 564 1096 607 γρ
1128 552 1350 597 συμβόλαιον

1347 78 1432 126 38ss

1937 97 1998 128 U'l'
2025 96 2203 129 LIBERTI
2231 99 2291 130 DE
2320 99 2490 131 CETERO

1417 193 1590 238 nuptialia
1611 195 1778 230 conficiat
1797 195 2026 239 documenta:
2050 196 2142 231 hanc
2159 196 2251 232 enim
2275 198 2388 234 solam
2405 203 2489 244 post

1415 240 1725 275 manumissionem
1770 242 2051 276 observationem
2093 241 2276 278 adicimus.
2335 243 2384 278 Et
2419 245 2490 279 sint

1416 284 1523 318 etiam
1544 285 1797 330 praecedentes
1820 285 1885 320 filii
1909 290 1944 321 et
1968 286 2028 330 qui
2052 291 2135 331 post
2157 286 2290 322 dotalia
2313 288 2387 323 nati
2405 292 2491 325 sunt

1417 329 1519 363 liberi
1539 333 1576 365 et
1594 330 1738 375 ingenui
1762 332 1798 366 et
1817 331 1874 366 sui
1893 335 1929 366 et
1944 331 2039 375 patri
2061 341 2298 375 successores,
2322 343 2344 367 a
2363 338 2488 378 postu-

1385 377 1403 408 5
1418 375 1549 409 latione
1573 385 1759 411 aureorum
1783 377 1971 411 anulorum
2003 379 2038 411 et
2063 376 2294 421 pristInorum
2316 378 2489 414 natalium

1417 419 1558 454 liberati
1589 420 1792 464 nullamque
1818 422 1957 466 penitus
1988 421 2161 457 habentes
2186 421 2419 458 differentiam
2442 423 2489 458 ad

1418 468 1539 499 cetera
1554 465 1787 509 ingenuorum
1804 467 2039 502 matrimonia.
2077 466 2237 502 Libertas
2256 467 2348 502 enim
2363 468 2488 503 matris

1418 514 1454 544 et
1474 510 1623 554 insuper
1646 511 1897 546 documentum
1921 511 2080 556 nuptiale
2104 511 2262 546 sobolem
2285 511 2431 547 liberam
2455 516 2491 548 et

1418 556 1606 598 ingenuam
1629 559 1666 590 et
1689 556 1783 600 patri
1803 556 2051 592 succedentem
2075 556 2379 596 demonstrabunt.

271 608 423 640 γαμικον
455 608 519 637 την
549 607 659 640 γονην
684 594 881 640 ἐλευθέραν
911 607 951 629 τε
974 599 1035 630 καὶ
1058 599 1183 644 ευγενῆ
1214 601 1275 631 καὶ
1297 600 1351 641 τῷ
1369 601 1409 634 10

273 642 383 686 πατρὶ
404 638 571 680 διάδοχον
595 637 863 680 ἀποδείξουσιν.

1271 756 1428 793 CAPUT
1452 756 1514 793 IV.

321 836 389 865 Καὶ
413 828 509 866 οὕτω
533 832 612 866 τῶν
634 831 862 878 πραγμάτων
893 837 953 866 καὶ
983 835 1045 877 τῆς
1067 833 1239 877 ἀληθείας
1270 833 1347 871 ὅλοι

271 878 461 923 γινόμεθα,
492 873 581 911 aisn
604 877 639 910 εἴ
658 891 733 910 τινι
756 882 817 911 καὶ
841 875 1072 921 δουλευούσης
1100 882 1161 923 τῆς
1183 882 1348 927 γυναικὸς

272 924 309 962 ἐξ
333 921 439 976 αὐτῆς
460 925 625 967 γένοιντο
650 920 784 964 παῖδες,
795 923 1013 976 ..βουληθείη
1035 923 1074 958 δὲ
1097 927 1227 971 ἐκεῖνος
1249 925 1347 961 ὕστε-

1469 836 1519 871 Et
1542 837 1593 872 ita
1617 838 1724 872 rebus
1753 841 1789 872 et
1811 839 1959 874 veritate
1989 839 2056 875 toti
2087 840 2273 881 efficimur,
2305 843 2347 876 ut
2375 841 2406 877 si
2430 839 2489 876 cui

1416 882 1522 916 etiam
1546 892 1590 917 ex
1614 884 1790 918 serviente
1812 884 1958 919 muliere
1981 891 2213 929 procreentur
2236 885 2301 921 filii
2330 891 2367 922 et
2389 887 2488 921 volu-

1417 927 1483 962 erit
1517 927 1577 962 ille
1613 932 1740 972 postea
1778 929 1960 964 mulierem
1998 931 2246 966 manumittere
2286 934 2322 966 et
2357 931 2490 966 dotalia

272 981 335 1011 ρον
358 981 425 1011 την
447 967 607 1021 γαμετὴν
631 966 876 1014 ἐλευθερωσαι
902 973 963 1002 καὶ
986 972 1150 1016 προικῷα
1174 970 1347 1012 συντάξαι
1364 975 1403 1007 15
1418 972 1594 1007 conficere
1610 973 1833 1015 documenta,
1851 984 1934 1009 mox
1951 985 2032 1009 cum
2049 976 2130 1020 ipsa
2148 975 2241 1011 dotis
2258 975 2488 1022 inscriptione

271 1012 488 1057 συμβόλαια,
517 1026 591 1056 αμα
619 1014 663 1059 τῇ
694 1014 773 1046 τῶν
804 1013 1000 1060 προικῴων
1029 1017 1151 1063 γραφῇ
1182 1020 1243 1050 καὶ
1275 1021 1347 1051 τοῖς

271 1062 399 1092 παισὶν
419 1056 567 1104 αρμόσει
590 1056 632 1091 τό
653 1070 693 1091 τε
716 1060 778 1101 τῆς
801 1058 1006 1105 ἐλευθερίας
1029 1058 1118 1104 ὁμοῦ
1141 1065 1202 1094 καὶ
1225 1060 1267 1096 τὸ
1286 1064 1348 1104 τῆς

270 1103 501 1150 γνησιότητος
533 1101 690 1136 δίκαιον·
728 1101 791 1137 οὐκ
819 1103 1091 1147 ἐπιζητούντων
1121 1104 1225 1151 ἡμῶν
1257 1105 1346 1143 ἰδιά-

272 1153 402 1191 ζουσαν
425 1147 637 1191 ἐλευθερίαν
667 1149 728 1183 ent
757 1152 830 1183 τοῖς
859 1154 965 1203 παισὶ
987 1151 1181 1196 γενέσθαι,
1214 1150 1302 1187 ὧςτε
1325 1149 1347 1195 ἢ

1416 1022 1452 1052 et
1469 1017 1551 1052 filiis
1570 1022 1749 1063 competet
1771 1019 1946 1054 libertatis
1970 1020 2075 1055 simul
2098 1023 2135 1055 et
2157 1030 2303 1056 suorum
2325 1022 2393 1061 ius,
2417 1031 2489 1057 non

1416 1063 1676 1107 requirentibus
1694 1064 1797 1099 nobis
1823 1065 2012 1109 specialem
2031 1065 2231 1100 libertatem
2255 1066 2292 1100 in
2311 1065 2394 1101 filiis
2413 1066 2489 1101 ficri

1416 1111 1452 1142 et
1483 1108 1587 1142 simul
1617 1109 1818 1143 manumitti
1853 1120 1934 1144 cum
1964 1114 2078 1145 matre
2112 1115 2174 1145 aut
2208 1114 2291 1155 post
2321 1120 2401 1145 eam
2434 1111 2490 1146 vel

1416 1155 1500 1187 ante
1531 1163 1608 1188 eam
1640 1154 1734 1188 forte
1765 1154 1964 1190 libertatem
1996 1156 2169 1199 accipere,
2206 1155 2268 1190 sed
2297 1155 2490 1201 scriptione

270 1192 642 1247 οὐνελευθερωθῆναιἱ
664 1194 709 1240 τῇ
733 1197 841 1239 μητρὶ
872 1208 894 1237 η
914 1198 973 1228 καὶ
996 1194 1078 1239 μετ’
1107 1194 1227 1251 authu!
1242 1195 1264 1240 ἢ
1288 1201 1347 1231 καὶ
1361 1199 1403 1232 20
1416 1197 1629 1242 nuptialium
1653 1199 1947 1235 documentorum
1977 1210 2061 1235 mox
2084 1201 2135 1235 eis
2160 1201 2266 1235 etlam
2290 1201 2490 1236 libertatem

271 1239 341 1284 πρὸ
365 1238 470 1282 αὐτῆς
493 1240 579 1273 ἴσως
604 1251 671 1281 την
696 1238 908 1285 ἐλευθερίαν
932 1239 1068 1285 λαβεῖν,
1099 1239 1178 1275 ἀλλ’
1204 1256 1278 1286 αμα
1301 1245 1346 1290 τῇ

270 1286 389 1331 γραφῇ
423 1285 501 1318 τῶν
532 1285 699 1330 γαμικῶν
731 1284 964 1329 συμβολαίων
996 1284 1104 1320 εὐθὺς
1137 1284 1256 1322 αὐτοῖς
1287 1291 1347 1322 καὶ

271 1331 335 1373 τὴν
365 1328 576 1375 ἐλευθερίαν
607 1329 844 1374 χαριζόμεθα.
891 1334 929 1364 τί
953 1330 1024 1377 γὰρ
1054 1328 1099 1365 ἂν
1126 1334 1249 1376 μεῖζον
1278 1331 1346 1366 δεί-

271 1376 363 1411 &arev
386 1374 405 1408 ὁ
430 1376 550 1432 πατὴρ
574 1374 779 1420 ἐλευθερίας
809 1376 889 1409 τῶν
911 1375 1059 1410 παίδων
1091 1381 1236 1422 σημεῖον
1260 1375 1283 1421 ἢ
1305 1378 1347 1412 τὸ

1416 1243 1600 1279 donamus.
1648 1244 1752 1288 Quod
1780 1245 1874 1280 enim
1902 1246 2018 1280 maius
2049 1246 2172 1290 utique
2201 1250 2412 1282 ostensurus
2435 1249 2490 1280 est

1416 1291 1519 1332 pater
1535 1289 1709 1324 libertatis
1725 1289 1881 1325 filiorum
1896 1290 2067 1325 indicium
2089 1301 2193 1335 quam
2209 1290 2328 1335 [quod]
2343 1290 2490 1326 uxorem

1418 1335 1606 1369 ostendere
1630 1335 1849 1380 liberamque
1872 1336 1976 1370 simul
2008 1340 2043 1370 et
2066 1336 2256 1379 legitimam
2279 1336 2490 1381 nuptialium

1417 1379 1710 1414 documentorum
1742 1381 2028 1426 conscriptione?
2075 1380 2112 1415 Si
2142 1382 2235 1416 enim
2259 1381 2361 1416 miles
2383 1382 2489 1416 relin-

270 1421 337 1464 τὴν
347 1434 506 1474 γαμετην
521 1422 708 1473 απρφῆναι
725 1424 785 1453 καὶ
802 1420 999 1467 ἐλευθέραν
1008 1420 1104 1475 ,ὁμου
1118 1426 1180 1477 καί
1193 1427 1348 1470 γνησίαν
1361 1425 1403 1458 25
1418 1434 1531 1468 quens
1566 1425 1719 1469 legatum
1754 1425 1861 1461 alicui
1895 1436 2039 1461 suarum
2075 1425 2284 1461 ancillarum
2317 1427 2397 1471 ipsa
2426 1426 2489 1461 do-

270 1468 314 1512 τῇ
343 1479 420 1500 των
446 1479 613 1511 γαμικων
642 1465 874 1509 συμβολαίων
904 1480 1045 1514 γραφῃ,·
1079 1468 1111 1501 εἰ
1139 1481 1208 1514 γαρ
1241 1480 1346 1514 στρα·

270 1510 403 1554 τιώτης
425 1509 639 1545 καταλιπων
661 1515 855 1556 πρεσβεῖον
879 1512 958 1546 τῶν
976 1515 1119 1546 οἰκείων
1135 1517 1217 1547 ’τινὶ
1236 1514 1346 1559 θερα-

271 1556 419 1590 πόντων
450 1553 541 1604 αὖτῇ
570 1557 615 1602 τῇ
640 1554 737 1590 δόσει
767 1559 830 1590 τοῦ
855 1560 1047 1602 πρεσβείου
1078 1561 1139 1591 καὶ
1162 1558 1230 1602 τὴν
1253 1558 1346 1592 ἐλευ-

271 1603 404 1646 θερίαν
428 1599 571 1635 διδόναι
595 1602 708 1642 δοκεῐ,
739 1604 817 1636 πῶς
845 1599 909 1636 οὐκ
939 1600 986 1636 ἂν
1014 1602 1139 1646 πολλῷ
1167 1602 1303 1647 μᾶλλον
1327 1602 1346 1637 ὁ

1416 1470 1562 1504 natione
1584 1470 1692 1514 legati
1721 1475 1758 1505 et
1779 1471 1978 1506 libertatem
2002 1472 2088 1506 dare
2109 1471 2282 1513 videatur,
2314 1471 2490 1516 quomodo

1415 1525 1487 1549 non
1503 1515 1616 1550 multo
1639 1517 1751 1559 magis
1767 1520 1880 1562 pater,
1904 1516 1934 1551 si
1954 1517 2205 1551 documentum
2223 1517 2384 1561 nuptiale
2404 1526 2488 1551 con-

1415 1559 1610 1604 scripserit,
1663 1560 1807 1596 habebit
1841 1562 2008 1606 proprios
2042 1561 2135 1597 filios
2169 1571 2214 1596 ex
2249 1562 2319 1597 hoc
2341 1561 2418 1596 solo
2452 1567 2489 1596 et

1415 1605 1548 1640 liberos
1581 1612 1616 1640 et
1647 1606 1819 1650 legitimos
1843 1608 2095 1642 successores?
2141 1606 2267 1650 Neque
2290 1606 2384 1642 enim
2411 1606 2490 1651 qui-

271 1646 402 1693 πατήρ,
427 1648 458 1680 εἰ
479 1645 629 1701 γράψειε
651 1646 873 1690 συμβόλαιον
892 1647 1055 1694 γαμικὸν,
1071 1649 1151 1703 ,ἔξει
1173 1646 1254 1684 rote
1270 1650 1346 1682 ἑαυ-
1360 1651 1403 1684 30
1416 1650 1504 1685 libet
1534 1660 1615 1685 eum
1645 1654 1838 1695 putaturus
1872 1652 1940 1687 erit
1972 1652 2127 1687 voluisse
2160 1651 2314 1687 filiorum
2350 1651 2490 1696 quidem

270 1694 335 1726 τοῦ
359 1691 490 1727 παῖδας
521 1692 559 1732 ἐξ
584 1693 693 1725 αυτοῦ
725 1690 770 1733 δὴ
791 1692 920 1726 τούτου
953 1697 1013 1726 καὶ
1035 1706 1148 1738 μονον
1171 1697 1232 1727 καὶ
1256 1694 1346 1728 ἐλευ-

272 1738 401 1783 θέρους
420 1740 480 1771 καὶ
501 1741 667 1784 γνησίους
690 1734 874 1780 διαδόχους
882 1751 895 1779 ;
927 1736 968 1771 οὗ
990 1737 1059 1785 γὰρ
1083 1738 1129 1772 α”ν
1159 1751 1213 1773 τις
1238 1735 1349 1773 αὐτὸν

271 1784 414 1825 οἰηθείη
436 1781 663 1827 βουληθῆναι
682 1781 750 1825 τὴν
768 1784 835 1826 μὲν
850 1784 929 1817 τῶν
945 1782 1091 1818 παίδων
1109 1787 1246 1830 μητέρα
1265 1798 1348 1831 γνη-

272 1832 358 1862 σίαν
373 1829 467 1862 εἶναι
491 1831 551 1860 καὶ
574 1826 786 1869 τηλικοῦτον
808 1826 899 1874 αὐτῇ
919 1829 1145 1883 χαρίσασθαι
1169 1830 1350 1875 πάρεργον

1416 1699 1565 1730 matrem
1587 1696 1780 1740 legitimam
1808 1706 1886 1731 esse
1917 1698 1954 1731 et
1977 1697 2046 1732 hoc
2077 1700 2151 1732 tam
2173 1707 2339 1740 magnum
2370 1696 2403 1732 ei
2426 1695 2505 1743 do·-

1417 1750 1524 1775 nasse
1555 1751 1646 1786 opus
1675 1741 1850 1783 libidinis,
1883 1742 2047 1786 proprios
2080 1748 2198 1777 autem
2227 1742 2321 1778 filios
2350 1751 2395 1777 ex
2424 1751 2490 1777 suo

1417 1789 1523 1821 natos
1547 1786 1681 1821 semine
1704 1787 1822 1821 adhuc
1845 1788 2046 1831 relinquere
2068 1788 2273 1823 servituros.

271 1872 415 1917 ἡδονῆς,
449 1874 530 1907 τοὺς
560 1872 688 1906 ἑαυτοῦ
720 1870 761 1914 δὲ
792 1871 924 1907 παῖδας
953 1886 1034 1908 τους
1065 1876 1104 1908 ἐκ
1135 1887 1213 1909 των
1240 1875 1349 1908 αὐτοῦ
1363 1878 1405 1910 35

271 1918 408 1964 φύντας
435 1916 656 1963 σπερμάτων
691 1917 747 1951 ἔτι
781 1917 1069 1963 καταλιμπάνειν
1103 1917 1346 1955 δουλεύοντας.

270 1967 290 2000 1
343 1965 461 2006 Ταῦτα
485 1963 615 2006 ὁμοίως
636 1964 704 2007 μὲν
726 1960 816 2010 ὑπὲρ
839 1965 918 1997 τῶν
935 1963 1195 2010 ἑλευθερωτῶν
1214 1963 1345 2009 ὁμοίως

272 2008 311 2043 δὲ
337 2007 427 2053 ὑπὲρ
458 2010 537 2042 τῶν
567 2005 824 2053 ἀπελευθέρων
848 2010 1176 2053 ἐνομοθετήσαμεν.
1224 2011 1256 2044 εἰ
1278 2009 1347 2057 γὰρ.

270 2054 319 2097 μὴ
352 2053 398 2088 τὰ
431 2054 643 2098 ἔμπροσθεν
679 2054 847 2108 εἰρημένα
882 2057 955 2088 τοῖς
989 2054 1249 2101 ἐλευθερωταῖς
1284 2069 1346 2102 φυ-

1412 1968 1434 2002 1
1480 1966 1581 2001 Haec
1604 1966 1765 2002 similiter
1788 1966 1929 2012 quidem
1954 1978 2020 2012 pro
2044 1967 2362 2003 manumissoribus
2394 1968 2490 2004 simi-

1414 2011 1495 2046 liter
1526 2015 1645 2046 autem
1677 2023 1742 2056 pro
1773 2013 1999 2048 manumissis
2027 2013 2218 2048 sanximus.
2266 2012 2358 2047 Nam
2386 2014 2416 2048 si
2447 2023 2491 2049 ea

1416 2066 1508 2100 quae
1539 2058 1576 2092 in
1607 2057 1905 2102 praecedentibus
1936 2057 2033 2092 dicta
2061 2063 2146 2093 sunt
2175 2058 2491 2094 manumissoribus

272 2100 434 2144 λάξομεν,
458 2097 708 2145 ὀκνηροτέρους
731 2100 816 2133 ieme
835 2099 917 2134 τοὺς
936 2099 1159 2146 ἀνθρώπους
1176 2103 1260 2146 περὶ
1277 2102 1344 2143 τὴν
1358 2105 1487 2136 40110n
1512 2112 1705 2144 servamus,
1730 2103 1911 2146 segniores
1936 2103 2058 2138 forsan
2082 2103 2242 2139 homines
2266 2103 2362 2138 circa
2384 2103 2491 2139 liber·

269 2224 329 2266 xit,
358 2222 540 2270 nuptialia
564 2227 756 2269 componat
780 2224 1038 2258 instrumenta:
1072 2222 1166 2258 hanc
1189 2223 1283 2258 enim
1306 2225 1422 2259 solam
1447 2224 1732 2260 observationem
1760 2231 1847 2272 post
1878 2226 2077 2262 libertatem
2100 2226 2326 2270 requirimus.
2373 2229 2493 2273 Atque

267 2269 337 2314 filii
367 2275 439 2304 tam
470 2274 555 2304 ante
586 2279 695 2314 quam
717 2274 807 2315 post
835 2268 974 2303 dotalia
997 2270 1237 2304 instrumenta
1260 2270 1339 2304 nati
1363 2269 1466 2305 liberi
1489 2274 1525 2305 et
1546 2270 1695 2316 inqenui
1717 2269 1801 2313 sint,
1830 2275 1866 2306 et
1892 2271 2042 2318 leqitimi
2070 2271 2195 2316 utique
2220 2270 2370 2307 heredes
2383 2273 2494 2324 patri

269 2325 348 2357 suo,
382 2314 557 2360 petitione
587 2324 783 2350 aureorum
814 2314 1008 2348 anulorum
1039 2319 1075 2350 et
1104 2314 1197 2349 iuris
1226 2315 1465 2350 restitutionis
1495 2316 1672 2350 natalium
1703 2314 1862 2358 liberati,
1900 2317 2003 2351 nulla
2032 2318 2176 2351 omnino
2207 2327 2230 2351 a
2258 2315 2408 2362 reliquis
2436 2317 2491 2352 in-

270 2370 469 2405 qenuorum
493 2359 672 2405 coniuqiis
695 2359 903 2404 differentia
928 2359 1097 2395 admissa.
1145 2359 1311 2395 Libertas
1333 2360 1428 2394 enim
1451 2361 1578 2395 matris
1608 2365 1645 2395 et
1666 2360 1816 2406 insuper
1838 2361 2002 2407 nuptiale
2031 2362 2305 2396 instrumentum
2332 2361 2491 2398 subolem

270 2412 305 2441 ec
329 2405 477 2441 liberam
500 2410 536 2439 et
558 2406 752 2451 inqenuam
776 2409 811 2439 et
832 2414 1079 2439 successuram
1100 2405 1201 2452 patri
1225 2404 1528 2441 demonstrabunt.

405 2449 466 2485 IV.
506 2450 623 2495 Atque
645 2450 699 2485 ita
724 2453 801 2485 tota
824 2455 940 2485 mente
963 2460 1150 2485 versamur
1173 2451 1212 2485 in
1227 2450 1334 2486 rebus
1356 2455 1393 2485 et
1411 2450 1572 2493 veritate,
1597 2454 1638 2486 ut
1658 2451 1692 2485 si
1713 2452 1772 2486 cui
1793 2452 1901 2486 etiam
1923 2451 2007 2490 dum
2031 2451 2159 2486 mulier
2180 2451 2218 2486 in
2233 2452 2403 2487 servitute
2425 2456 2490 2496 est,

270 2506 320 2531 ex
343 2506 386 2531 ea
417 2494 517 2529 liberi
541 2496 621 2529 nati
641 2495 733 2537 sint,
763 2496 866 2541 isque
887 2500 1022 2541 postea
1051 2506 1207 2530 uxorem
1229 2495 1480 2531 manumittere
1510 2501 1546 2531 et
1573 2495 1711 2531 dotalia
1741 2497 1978 2532 instrumenta
2009 2506 2227 2543 componere
2257 2497 2354 2539 velit,
2384 2498 2493 2533 simul

272 2552 351 2575 cum
374 2540 547 2575 dotalium
571 2541 886 2575 instrumentorum
910 2540 1109 2587 scriptione
1140 2541 1247 2576 etiam
1271 2541 1392 2576 liberis
1416 2546 1488 2575 tam
1512 2540 1690 2576 libertatis
1719 2552 1827 2587 quam
1850 2541 2092 2588 leqitimorum
2114 2541 2173 2576 ius
2194 2546 2376 2588 competat
2382 2555 2398 2584 ;
2431 2553 2491 2579 ne-

271 2597 341 2632 que
362 2586 580 2630 requirimus
602 2585 795 2631 specialem
825 2586 864 2619 in
893 2584 1015 2620 liberis
1038 2585 1254 2628 libertatem,
1283 2586 1337 2621 ita
1359 2590 1401 2620 ut
1429 2586 1486 2621 vel
1508 2597 1583 2620 una
1615 2589 1695 2621 cum
1726 2593 1843 2622 matre
1865 2587 2165 2622 manumittantur
2195 2587 2250 2622 vel
2279 2587 2387 2622 etiam

2436 2591 2492 2623 ost

271 2642 350 2666 eam
374 2631 429 2665 vel
450 2630 557 2665 etiam
587 2635 671 2665 ante
694 2641 773 2665 eam
798 2631 902 2675 forte
925 2630 1124 2666 libertatem
1147 2630 1346 2678 accipiant.
1378 2630 1443 2666 sed
1464 2631 1572 2666 simul
1602 2641 1682 2665 cum
1704 2631 1903 2677 scriptione
1933 2631 2250 2667 instrumentorum
2274 2642 2348 2678 nup
2371 2633 2380 2640 ⁹
2417 2633 2491 2667 ium

271 2675 393 2710 statim
422 2675 467 2709 iis
497 2675 604 2710 etiam
634 2675 834 2710 libertatem
866 2675 1054 2721 larqimur.

1110 2675 1216 2718 Quod
1243 2677 1337 2711 enim
1365 2676 1482 2710 maius
1514 2675 1694 2711 libertatis
1721 2676 1916 2712 liberorum
1946 2677 2089 2728 siqnum
2122 2682 2232 2722 pater
2260 2675 2414 2712 daturus
2437 2681 2491 2712 est

272 2732 379 2767 quam
403 2720 502 2766 quod
524 2730 678 2754 uxorem
702 2720 849 2755 liberam
872 2720 979 2755 simul
1001 2726 1037 2756 et
1059 2720 1255 2767 leqitimam
1276 2721 1443 2756 ostendat
1458 2731 1532 2766 per
1553 2721 1786 2774 scriptionem
1812 2720 1987 2756 dotalium
2010 2721 2350 2756 instrumentorum?
2395 2720 2491 2757 Nam

271 2767 302 2800 si
327 2765 427 2800 miles
457 2764 520 2810 qui
543 2765 700 2810 leqatum
730 2776 880 2799 suorum
912 2776 1098 2801 servorum
1127 2766 1238 2801 alicui
1267 2765 1415 2812 reliquit
1443 2765 1527 2812 ipsa
1557 2765 1706 2801 datione
1735 2766 1849 2812 leqati
1875 2766 1982 2801 etiam
2006 2765 2205 2800 libertatem
2228 2764 2317 2801 dare
2339 2765 2489 2809 videtur,

272 2810 399 2857 quidni
420 2810 532 2844 multo
554 2810 671 2855 maqis
688 2816 810 2856 pater,
833 2812 867 2844 si
888 2811 1162 2846 instrumentum
1186 2811 1350 2858 nuptiale
1371 2810 1571 2857 scripserit,
1595 2821 1681 2846 suos
1696 2811 1794 2855 filios
1813 2821 1863 2846 ex
1882 2810 1951 2845 liae
1969 2809 2111 2856 quidem
2133 2810 2215 2845 sola
2237 2821 2279 2845 re
2302 2816 2337 2846 et
2360 2810 2491 2848 liberos

271 2861 307 2892 et
319 2866 407 2891 suos
422 2854 570 2890 heredes
585 2853 774 2889 habiturus
788 2855 862 2890 sit?
895 2855 1020 2902 Neque
1043 2856 1136 2891 enim
1149 2856 1340 2903 putaverit
1359 2856 1539 2907 quispiam
1562 2866 1642 2890 eum
1663 2855 1818 2891 voluisse
1840 2861 1988 2890 matrem
2005 2854 2147 2900 quidem
2167 2854 2358 2890 liberorum
2374 2855 2491 2903 leqiti-

272 2912 366 2936 mam
389 2911 466 2936 esse
490 2910 534 2934 ac
552 2903 688 2933 tantum
711 2900 744 2934 ei
767 2900 963 2946 voluptatis
982 2901 1239 2936 incrementum
1258 2911 1334 2936 esse
1353 2900 1608 2952 qratificatum,
1632 2900 1763 2935 liberos
1781 2905 1901 2935 autem
1922 2910 2009 2935 suos
2028 2910 2078 2935 ex
2095 2899 2211 2952 ipsius
2229 2901 2365 2936 semine
2383 2906 2492 2954 natos

272 2949 292 2982 1
336 2946 541 2990 relinquere
563 2945 772 2979 servituros.

319 3118 333 3150 1
354 3111 617 3147 συνταττέσθω
638 3112 698 3155 Pu
722 3114 741 3145 2
762 3110 998 3156 ἀπαιτοῦμεν]
1023 3115 1183 3148 adicimus
1203 3127 1222 3151 ς
1239 3115 1251 3153 ΙΙ
1276 3118 1295 3149 5
1307 3126 1347 3160 γε

270 3160 341 3203 μὴν
365 3159 472 3193 om.P
499 3163 531 3191 et
555 3171 573 3195 ς
602 3158 614 3201 11
645 3159 664 3191 8
689 3162 922 3191 συνοικεσίων
946 3160 976 3192 L
1005 3159 1017 3201 11
1050 3162 1088 3193 11
1115 3158 1346 3199 ἀποδείξουσι

274 3206 361 3240 Μ”Ε
381 3205 393 3250 11
411 3207 452 3239 12
477 3206 536 3236 καὶ
559 3203 621 3245 τῆς
642 3201 815 3244 ἀληθείας
835 3216 894 3236 om.
908 3204 966 3246 Ρ11
988 3206 1027 3237 13
1042 3201 1275 3246 δουλευσάσης
1290 3204 1347 3247 Ρ11

276 3254 315 3286 14
340 3250 378 3289 ἐξ
403 3248 512 3282 αὑτοῦ
540 3249 627 3282 ML¹
650 3248 662 3291 11
695 3250 733 3282 16
757 3250 817 3280 καὶ
841 3247 975 3302 οηι.Ρ11
1003 3251 1043 3282 19
1066 3245 1160 3282 ὥστε
1183 3247 1217 3291 ἢ]
1251 3245 1346 3282 ὥστε

270 3294 292 3339 ἢ
315 3299 375 3330 καὶ
398 3297 438 3336 Ρ,
463 3298 496 3328 et
519 3307 538 3329 ς·
564 3294 577 3337 11
600 3295 639 3328 21
665 3289 746 3326 ἀλλ’
764 3289 839 3334 ἅμα
863 3293 920 3334 Μ]
955 3291 1045 3325 αλλὰ
1068 3294 1158 3329 LPe
1181 3294 1193 3337 11
1220 3296 1262 3328 25
1286 3296 1346 3326 καὶ

271 3341 466 3384 ἐλευθέραν
482 3338 686 3383 (ἐλευθέρας
699 3340 761 3379 La)
778 3339 847 3379 Le]
872 3336 1069 3381 ἐλευθέραν
1082 3339 1127 3371 M
1136 3342 1147 3381 11
1173 3340 1268 3381 2639.
1294 3340 1343 3374 Cr:

277 3389 352 3421 βοά.
376 3391 407 3425 6,
428 3393 475 3422 21,
498 3394 524 3418 7.
556 3385 637 3429 Diy.
652 3386 748 3425 29,1.
771 3391 806 3417 ⁴0
823 3388 838 3422 §
854 3390 870 3416 2
901 3383 914 3422 ΙΙ
941 3385 981 3416 27
1008 3386 1209 3427 πρεσβεῖον]
1244 3381 1345 3429 ληγά-

271 3445 335 3465 τον
359 3446 383 3464 s.
399 3445 429 3464 v.
447 3432 479 3464 L
506 3431 518 3474 11
547 3426 805 3474 θεραπόντων]
837 3427 1036 3461 ancillarum
1060 3430 1092 3466 (i.
1116 3442 1141 3462 e.
1166 3429 1345 3472 θεραπαι-

271 3479 360 3516 νῶν)
386 3490 405 3513 ς
434 3479 447 3519 11
482 3478 519 3510 31
549 3475 587 3515 ἐξ
611 3472 720 3508 αὐτοῦ
751 3471 795 3516 δὴ
818 3470 945 3507 τούτου
975 3476 1035 3506 καὶ
1058 3470 1182 3515 μόνου]
1220 3484 1258 3506 ex
1284 3474 1345 3506 hoc

270 3524 339 3556 solo
364 3535 383 3558 ς
406 3521 418 3566 11
447 3522 487 3554 33
513 3523 672 3565 μητέραν
695 3521 727 3553 L

315 3615 334 3642 3
359 3617 391 3644 et
415 3613 484 3653 qui]
511 3615 544 3644 et
568 3611 761 3644 om.R¹VT
785 3611 798 3654 11
825 3613 846 3644 4
870 3611 922 3643 sui
947 3612 979 3642 et
1002 3610 1200 3652 R'Ti-usy]
1235 3621 1249 3641 s
1275 3622 1342 3641 eum

272 3660 375 3699 <patio
399 3670 470 3689 vac.
495 3658 536 3690 12
551 3659 629 3699 fere
650 3657 707 3689 liet.
731 3656 779 3687 1⁷¹
808 3656 862 3688 sui
886 3655 935 3687 V²
963 3655 1031 3687 sint
1055 3654 1103 3687 R³
1130 3657 1141 3696 11
1165 3655 1341 3686 successio-

856 2945 959 2981 Haec
974 2947 1122 2996 pariter
1145 2950 1218 2981 tam
1234 2956 1310 2992 pro
1333 2945 1651 2980 manumissoribus
1671 2955 1779 2991 quam
1827 2955 1871 2979 ro
1896 2944 2033 2980 libertis
2054 2955 2255 2980 sanximus.
2302 2944 2398 2980 Nam
2421 2957 2491 2981 nisi

271 3003 314 3027 ea
344 3002 438 3037 quae
455 2990 566 3036 prius
588 2989 686 3024 dicta
714 2993 800 3024 sunt
821 2991 1141 3026 manumissoribus
1162 3001 1358 3033 servemm,

1389 2990 1576 3036 seqniores
1596 2990 1758 3035 fortasse
1805 2989 1941 3025 omines
1970 2989 2021 3025 ad
2043 2989 2242 3025 libertatem
2266 2988 2491 3036 loeqiendam

1415 3124 1473 3146 nes
1487 3115 1518 3147 R
1544 3115 1556 3156 11
1580 3117 1598 3147 5
1615 3114 1794 3157 pristinum
1810 3113 1933 3147 RVT¹
1959 3111 1973 3156 11
1993 3114 2014 3146 6
2032 3112 2237 3154 nullamque]
2262 3113 2388 3146 nullam
2413 3114 2488 3155 (scr.

1415 3173 1454 3192 m.
1468 3167 1485 3193 2
1506 3161 1540 3193 in
1559 3168 1643 3202 spat.
1664 3163 1749 3201 vac.)
1770 3159 1804 3191 V
1821 3158 1834 3202 11
1857 3161 1874 3191 ’7
1897 3158 2118 3200 ingenuarum
2133 3158 2186 3191 R⁰
2204 3160 2216 3198 11
2240 3159 2281 3192 12
2302 3159 2443 3192 ueritate
2465 3160 2494 3192 V

1414 3205 1513 3247 vala]
1539 3205 1674 3237 ueritati
1690 3204 1760 3238 ΒΤ
1769 3203 1783 3247 11
1800 3204 1867 3236 tuti
1885 3205 1965 3243 (tuti
1981 3203 2046 3235 tuti
2064 3203 2127 3242 R‘)
2150 3203 2221 3236 ΒΤ
2231 3203 2243 3246 11
2262 3203 2443 3237 efficiamur
2455 3205 2489 3239 R

1414 3249 1604 3282 effitiuntur
1619 3250 1666 3287 T;
1692 3251 1752 3294 leq.
1766 3247 1953 3281 afficimur?
1971 3246 1984 3291 11
2005 3248 2033 3279 si
2056 3248 2123 3289 cui]
2148 3248 2234 3280 sicut
2255 3249 2287 3280 V
2300 3247 2312 3292 11
2334 3250 2374 3283 13
2394 3259 2488 3292 prae-

1414 3297 1549 3326 ceentur
1562 3294 1596 3327 R
1613 3294 1626 3338 11
1644 3296 1685 3329 14
1700 3293 1871 3327 mulierem
1887 3295 1998 3335 postea
2013 3293 2044 3325 R
2059 3295 2071 3334 11
2102 3295 2142 3326 15
2167 3293 2254 3325 dotis
2273 3293 2489 3336 inscriptione

1414 3342 1469 3382 (cs.
1489 3351 1521 3380 p.
1539 3340 1616 3378 383,
1629 3341 1688 3379 1611
1713 3338 1873 3372 dotalium
1888 3338 2068 3380 scriptione
2085 3339 2178 3371 Beck
2194 3338 2207 3382 11
2227 3339 2268 3373 16
2285 3340 2442 3381 competit
2456 3340 2488 3372 R.

1413 3384 1612 3426 competebit
1632 3383 1704 3423 V¹ss
1726 3385 1766 3418 18
1787 3387 1820 3416 et
1838 3382 1951 3423 simul]
1977 3385 2009 3415 et
2032 3396 2089 3415 om.
2104 3383 2152 3416 13¹
2170 3383 2183 3426 11
2207 3386 2281 3426 post
2301 3394 2372 3416 eam
2393 3382 2486 3424 VT’]

1412 3433 1527 3471 postea
1550 3429 1619 3462 ΒΤ
1627 3429 1637 3449 ¹
1658 3430 1745 3473 vulq.
1770 3428 1783 3474 11
1812 3428 1966 3462 uel'ante
1995 3428 2042 3460 1⁷²
2068 3431 2100 3461 in
2124 3441 2190 3462 ras.
2224 3427 2237 3472 11
2268 3430 2309 3463 19
2333 3428 2486 3472 scriptio·

1413 3483 1487 3505 nem
1513 3474 1589 3507 VR²
1613 3474 1856 3517 conscriptione
1874 3475 1961 3515 vuly.
1980 3473 1992 3515 11
2018 3474 2060 3506 20
2080 3473 2234 3506 libertate
2255 3474 2310 3507 Τἰ
2337 3473 2485 3506 libertati

1411 3518 1462 3551 12²
1473 3517 1523 3552 Tb
1541 3517 1554 3562 11
1570 3519 1612 3552 22
1626 3519 1793 3552 libertates
1804 3519 1851 3552 Β*
1869 3518 1881 3562 11
1908 3518 2064 3551 inditium
2082 3519 2180 3558 ΝΤ]
2205 3519 2364 3551 iuditium
2375 3517 2424 3551 Β*
2438 3518 2487 3559 Vll

1412 3563 1500 3605 quod
1525 3566 1684 3607 armvulq.
1709 3563 1722 3607 11
1751 3565 1791 3597 27
1806 3563 1950 3606 nuptiali
1976 3564 2026 3595 [ἐῢ
2052 3566 2064 3603 11
2089 3565 2130 3597 28
2153 3574 2214 3605 pro
2239 3564 2306 3596 rios
2329 3562 2415 3596 filio·
2438 3562 2484 3595 1⁷²

1411 3611 1444 3641 in
1461 3621 1526 3641 ras.
1551 3608 1563 3653 11
1593 3612 1626 3642 et
1648 3609 1780 3650 liberos]
1803 3612 1835 3642 et
1856 3622 1913 3642 om.
1927 3608 1962 3641 R
1984 3608 1996 3651 ΙΙ
2025 3609 2066 3642 33
2088 3612 2186 3641 natus
2249 3609 2260 3629 ¹
2278 3609 2290 3652 11
2314 3609 2356 3642 38
2372 3609 2483 3641 antem

1412 3653 1518 3687 om.R
1541 3652 1555 3698 11
1578 3655 1762 3686 sanccimus
1776 3654 1845 3686 RT
1866 3654 1878 3696 11
1901 3655 1943 3686 40
1968 3653 2105 3686 sortasse
2131 3654 2159 3685 R
