2476 3854
122 90 163 134 Ν
166 104 232 135 ov.
255 91 439 136 CXXXI
470 96 578 137 3-5

1205 92 1290 141 656

1709 111 1770 142 DE
1797 109 2152 144 ECCLESTASTICIS
2180 111 2356 145 TITULIS

116 204 424 248 χειροτονεῖσθαι,
448 207 507 238 καὶ
529 206 569 239 ἐν
585 201 709 239 αὐταῖς
732 206 809 239 ταῖς
832 202 1081 259 ὑποκειμέναις
1105 203 1205 252 αὐτῷ
1273 208 1365 253 cilio,
1398 210 1435 244 et
1463 208 1502 244 in
1526 208 1695 246 subiectis
1730 209 1799 246 sibi
1828 209 2019 255 provinciis
2051 210 2170 247 locum
2193 211 2353 247 obtinere

115 249 303 303 τἐπαρχίαις
334 249 402 284 τὸν
425 249 542 284 τόπον
567 251 706 303 ἐπέχεέιν
730 246 845 284 αὐτὸν
874 263 937 285 του
962 248 1203 287 ἄποστολικοῦ

1272 264 1353 290 eum
1390 253 1485 291 sedis
1520 254 1742 299 apostolicae
1776 255 1910 292 Romae
1949 256 2145 292 secundum
2179 266 2223 292 ea
2260 266 2353 302 quae

122 293 248 337 Ριόμης
279 294 419 340 θρόνου
453 293 547 330 κατὰ
578 294 624 329 τοὶ
656 294 859 342 ορισθέντα
893 292 968 332 ἀπὸ
1000 298 1066 332 τοῦ
1101 295 1204 345 ἁγίου
1272 299 1417 335 definita
1440 302 1525 336 sunt
1546 309 1570 335 a
1592 300 1818 337 sanctissimo
1837 310 1934 347 papa
1955 300 2096 347 Vigilio.

115 339 222 372 πάπα
246 339 416 387 Βιγιλίου.

1121 444 1278 483 CAPUT
1302 446 1365 483 IV.

171 509 244 539 Καὶ
274 506 343 541 τὸν
374 502 501 550 ὅμοιον
531 507 673 552 τρόπον
702 508 746 543 τὸ
773 506 915 544 δίκαιον
945 510 1009 554 τῆς
1031 507 1199 557 ἇρχιερω-
1236 516 1255 548 5

1338 513 1448 548 Simili
1473 522 1613 557 quoque
1634 513 1740 550 modo
1764 514 1819 550 ius
1842 514 2032 559 pontificis,
2063 515 2158 559 quod
2180 525 2201 550 e
2228 515 2351 560 iscopo

114 550 236 595 σιἰνης,
270 548 359 597 ὅπερ
392 554 445 596 τῷ
480 553 669 596 έπισκόπῳ
693 550 946 599 Ἰουστινιανῆς
970 555 1201 602 Καρχηδόνος
1268 558 1487 593 Iustinianae
1519 558 1744 603 Carthaginis
1775 559 1970 595 Africanae
2005 560 2159 596 civitatis
2214 559 2349 595 edimus

112 597 175 638 τῆς
197 594 361 651 Ἀφρξκῆς
385 595 591 641 διοικήσεως
615 596 822 643 δεδώκαμεν
854 600 893 641 ἐξ
916 593 1028 646 οὗπερ
1060 600 1079 635 ὁ
1112 603 1200 637 θεὸς

112 642 250 684 ταύτην
280 645 368 685 ημῖν
399 639 688 687 ἀποκατέστησε,
720 643 973 690 φυλάττεσθαι
1001 646 1198 692 κελεύομεν.

1268 613 1312 638 ex
1336 614 1405 648 quo
1439 604 1526 639 deus
1556 603 1651 639 hanc
1680 604 1783 640 nobis
1814 605 1985 647 restituit,
2017 605 2152 641 servari
2173 605 2348 641 iubemus.

1268 647 1338 684 Sed
1361 651 1397 683 et
1420 648 1513 684 aliae
1536 648 1697 684 civitates
1728 652 1765 685 et
1794 649 1919 685 harum
1950 649 2125 695 episcopi,
2159 649 2288 696 quibus
2312 650 2349 684 in

112 689 171 718 καὶ
195 685 235 719 αἱ
257 685 363 721 ἄλλαι
388 685 428 721 δὲ
451 686 573 723 πόλεις
597 692 657 722 καὶ
681 688 717 722 οἱ
737 689 883 724 τούτων
910 692 1118 736 ἐπίσκοποι,
1150 692 1200 727 οἷς
1268 693 1415 729 diversis
1446 693 1534 729 locis
1566 694 1833 739 metropolicum
1864 696 1919 730 ius
1943 696 2153 740 praestitum
2176 699 2249 737 est,
2282 694 2348 730 hu-

112 732 152 764 ἐν
187 729 373 785 διαφόροις
413 733 540 768 τόποις
580 733 886 780 μητροπολιτικὸν
926 734 1067 772 δίκαιον
1107 751 1199 784 παρ·
1214 742 1254 775 10
1266 738 1421 774 iusmodi
1451 738 1632 784 privilegio
1668 739 1706 774 in
1736 742 1947 785 perpetuum
1981 741 2174 785 potiantur.
2222 739 2350 776 Omnia

111 776 255 820 εσχέθη,
280 790 344 811 του
368 778 534 813 τοιούτου
559 783 755 824 προνομίου
788 780 836 814 εἰς
862 781 905 815 τὸ
931 779 1085 825 διηνεκὲς
1110 779 1198 817 ἆπο-

110 819 330 875 λαυέτωξαν.
367 822 490 858 πάντα
514 821 554 857 δὲ
582 824 628 858 τὰ
653 825 837 870 προνόμια
867 829 927 860 καὶ
948 826 1013 861 τὰς
1035 841 1199 873 παραμυ-

111 867 217 921 stiae,
242 880 336 914 απερ
354 869 391 902 ἐκ
406 867 595 913 βασιλικῆς
615 869 820 924 φιλοτιμίας
842 869 865 914 ἢ
883 874 943 905 καὶ
963 869 1056 907 καθ’
1075 875 1199 918 ἕτερον

1267 783 1428 836 <autem>
1465 783 1648 836 privilegia
1677 785 1742 836 ,vel
1777 784 1929 838 solacia,
1969 795 2059 838 quae
2092 795 2138 821 ex
2174 784 2350 838 imperiali

1266 828 1508 864 mumficcntla
1544 834 1607 864 aut
1639 832 1745 865 etiam
1779 830 1850 865 alio
1885 830 2043 875 quohbet
2075 831 2179 866 modo
2216 833 2349 866 sancus

1268 874 1429 910 ecclesiis
1465 875 1528 910 aut
1561 873 1642 910 aliis
1675 874 1937 911 venerabilibus
1972 875 2060 911 locis
2093 875 2223 912 collata
2252 871 2348 918 sunt,

109 910 325 955 οἱονὸήποτε
355 913 497 968 τρόπον
530 917 608 949 ταῖς
639 919 755 962 αγίαις
786 915 984 961 ἐκκλησίαις
1017 915 1040 961 ἢ
1070 918 1200 963 ἑτέροις
1267 918 1369 955 firme
1392 920 1443 956 eis
1466 929 1530 965 per
1554 919 1673 956 omnia
1697 922 1962 956 conserventur,

110 960 317 1002 σεβασμίοις
332 970 459 993 τοποις
475 961 696 1005 παρεσχέθη,
721 964 879 1006 βεβαίως
896 958 1014 996 αὐτοῖς
1029 960 1090 997 διὰ
1107 962 1199 999 πάν·
1214 967 1255 1000 15

109 1015 187 1037 των
211 1002 475 1048 φυλάττεσθαι.

1118 1111 1274 1147 CAPUT
1297 1111 1341 1147 V.

175 1173 273 1219 Πρὸς
296 1173 436 1207 τούτοις
459 1174 696 1219 θεσπίζομεν,
726 1178 788 1209 καὶ
817 1178 951 1211 πασῶν
979 1177 1057 1212 τῶν
1086 1174 1109 1211 ἁ
1135 1193 1195 1213 ιω-

107 1217 233 1254 τάτων
265 1218 464 1262 ἐκκλησιῶν
495 1222 556 1253 καὶ
585 1221 663 1255 τῶν
693 1218 816 1256 ἄλλων
847 1225 1058 1267 σεβασμίων
1087 1224 1198 1259 οίκων

107 1264 172 1299 τὰς
203 1263 344 1308 κτήσεις
379 1263 470 1308 μήτε
506 1265 668 1320 ῥυπαρὰς
702 1265 921 1313 λειτουργίας
953 1268 1045 1312 μήτε
1079 1272 1196 1304 extra-

1317 1178 1376 1214 Ad
1395 1179 1484 1214 haec
1506 1179 1686 1215 sancimus
1709 1179 1867 1215 omnium
1888 1181 2094 1214 sanctarum
2118 1178 2348 1214 ecclesiarum

1267 1226 1304 1259 et
1333 1224 1489 1260 omnium
1523 1224 1776 1260 venerabilium
1807 1224 1976 1260 domuum
2006 1224 2250 1269 possessiones
2285 1234 2347 1260 ne-

1266 1278 1334 1314 que
1364 1269 1526 1306 sordidas
1560 1269 1765 1306 functiones
1799 1279 1914 1315 neque
1949 1269 2250 1305 extraordinarias
2286 1269 2347 1305 de-

108 1310 307 1365 ordinarias·
329 1307 530 1363 διαγραφὰς
560 1313 765 1367 vagosi-{pecu
814 1314 852 1367 εἰ]
865 1315 991 1357 μέντοι
1014 1309 1196 1359 ὁὸοστρω-
1210 1317 1252 1350 20
1266 1315 1478 1360 scriptiones
1499 1315 1684 1351 sustinere.
1730 1315 1767 1350 Si
1786 1317 1905 1351 tamen
1924 1315 2060 1350 itineris
2081 1314 2262 1350 sternendi
2285 1317 2349 1350 aut

108 1360 186 1390 σίας
208 1369 230 1399 η
254 1367 423 1411 γεκφυρων
446 1353 632 1409 οἰκοδρμης
663 1371 685 1399 η
709 1353 946 1392 ἆνανεωσεως
975 1362 1074 1404 χρεία
1097 1363 1196 1412 γένη-

1264 1359 1426 1414 pontium
1460 1359 1613 1396 aedificii
1650 1360 1706 1395 vel
1739 1360 1974 1406 reparationis
2012 1369 2103 1404 opus
2136 1359 2259 1402 fuerit,
2301 1360 2348 1395 ad

107 1414 186 1443 ται,
211 1414 305 1435 κατα
327 1404 481 1456 μίμησιν
503 1414 582 1435 των
605 1400 727 1437 ἄλλων
750 1402 940 1451 κτητόρων
962 1403 1006 1438 τὸ
1029 1417 1198 1439 τοιουτον
1263 1409 1377 1441 Instar
1393 1406 1543 1442 aliorum
1561 1416 1805 1451 possessorum
1825 1404 2027 1442 huiusmodi
2046 1414 2136 1450 opus
2153 1408 2188 1440 et
2203 1406 2348 1441 sanetas

106 1448 213 1492 ἔργον
244 1449 303 1480 καὶ
335 1457 400 1480 τας
432 1450 533 1493 αγίας
564 1446 748 1491 ἐκκλησίας
769 1451 843 1502 (καὶ
873 1448 953 1483 τοὺς
984 1446 1110 1484 ἄλλους
1140 1462 1196 1485 σε·

1265 1451 1435 1487 ecclesias
1468 1454 1505 1487 et
1536 1451 1754 1487 venerabiles
1786 1451 1909 1487 domos
1940 1450 2135 1495 complere,
2166 1450 2251 1485 dum
2279 1451 2347 1487 snb

106 1495 279 1536 βασμίους
299 1491 414 1526 οἴκους
435 1491 604 1537 πληροῦν,
627 1490 736 1536 ἡνίκα
759 1492 825 1527 υπ’
845 1495 984 1538 ἐκείνην
1007 1498 1197 1539 κέκτηνται
1263 1496 1326 1531 illa
1349 1496 1537 1541 possident
1559 1497 1699 1532 civitate
1723 1496 1790 1532 Sub
1813 1507 1884 1541 qua
1906 1496 1978 1532 tale
1999 1495 2042 1531 fit
2058 1505 2160 1540 opus.
2199 1495 2236 1531 Si
2256 1505 2348 1541 quae

106 1537 176 1580 τὴν
211 1535 320 1571 πόλιν
356 1533 422 1582 ὑφ’
460 1534 507 1581 ἣν
541 1537 584 1572 τὸ
620 1539 788 1573 τοιοῦτον
806 1543 967 1594 νγίνεται
1004 1542 1117 1596 ἔργον.
1165 1541 1251 1576 εἴ25
1264 1551 1348 1577 vero
1369 1551 1427 1577 res
1449 1552 1494 1577 ex
1511 1542 1697 1577 curialium
1721 1541 1929 1578 substantiis
1952 1541 1998 1577 ad
2015 1540 2206 1586 quamlibet
2224 1551 2345 1576 sacro-

106 1594 191 1616 τινα
215 1580 255 1615 δὲ
277 1580 473 1637 πράγματα
504 1579 578 1617 ἀπὸ
602 1582 845 1627 βουλευτικων
876 1596 1118 1621 ὐποστασεων
1149 1587 1197 1620 εἰς

105 1625 324 1670 οἱανδήποτε
353 1626 564 1674 αγιωτὰτην
587 1627 777 1672 ἐκκλησίαν
806 1626 829 1673 ἢ
862 1628 974 1665 ἄλλον
997 1630 1196 1676 σεβάσμιον

106 1672 206 1707 οἷκον
241 1672 335 1707 κατὰ
368 1672 451 1707 τοὺς
480 1672 612 1718 νόμους
643 1673 866 1718 ἐληλύθασιν
901 1674 924 1719 ἢ
954 1676 1047 1720 μετὰ
1078 1677 1196 1711 ταῦτα

106 1717 364 1763 περιέλθωσιν,
397 1717 575 1765 ἐλεύθερα
605 1719 698 1754 εἶναι
726 1720 845 1755 ταῦτα
876 1721 1102 1766 θεσπίζομεν
1133 1723 1196 1766 τῆς

105 1764 184 1798 τῶν
207 1763 417 1799 lucrativam
441 1761 648 1812 ὃιαγραφῆς.

1264 1589 1427 1622 sanctam
1464 1587 1650 1622 ecclesiam
1689 1590 1752 1622 aut
1787 1586 1892 1622 aliam
1932 1586 2166 1622 venerabilem
2202 1585 2347 1621 domum

1265 1633 1461 1668 secundum
1485 1632 1578 1677 leges
1595 1635 1769 1669 venerunt
1791 1636 1853 1667 aut
1872 1634 2000 1678 postca
2021 1631 2192 1675 venerint,
2216 1630 2347 1668 liberas

1265 1687 1326 1713 eas
1350 1687 1430 1713 esse
1453 1679 1631 1714 sancimus
1656 1677 1896 1723 descriptione
1919 1677 2184 1714 lucrativorum.

102 1888 190 1935 pria
212 1885 355 1933 synodo
378 1891 538 1929 creetur,
555 1891 591 1923 et
613 1888 657 1922 in·
675 1887 766 1934 ipsis
787 1888 987 1933 provinciis
1009 1889 1043 1925 ei
1065 1889 1233 1926 subiectis
1257 1889 1373 1925 locum
1398 1890 1559 1926 obtineat
1581 1889 1677 1925 sedis
1700 1889 1921 1936 apostolicae
1941 1887 2130 1925 Romanae
2151 1889 2345 1925 seeundum

105 1944 149 1969 ea
173 1943 267 1979 quae
289 1943 314 1967 a
336 1936 464 1967 sancto
481 1943 588 1984 papa
617 1931 751 1978 Viqilio
777 1934 974 1969 constituta
996 1938 1089 1970 sunt.

183 2024 188 2030 Ι
241 1977 318 2014 IV.·-
350 1977 470 2023 Atque
489 1988 574 2023 pari
598 1977 704 2013 modo
728 1978 786 2030 ius
805 1979 1058 2031 pontificatus,
1090 1979 1191 2031 quod
1213 1980 1386 2027 episcopo
1410 1978 1639 2031 Iustinianae
1664 1978 1896 2032 Camkaqinis
1918 1978 2121 2024 Africanae
2144 1978 2346 2032 dioeceseos¹

105 2023 268 2059 dedimus
291 2033 341 2058 ex
382 2033 429 2058 uo
453 2022 542 2058 deus
565 2021 660 2058 hanc
683 2023 785 2058 nobis
807 2028 979 2066 restituit,
1003 2035 1140 2061 servari
1164 2025 1334 2060 iubemus.
1383 2024 1457 2061 Sed
1478 2029 1586 2059 etiam
1611 2028 1750 2061 ceterae
1773 2025 1934 2060 civitates
1957 2034 2152 2070 earumque
2174 2025 2344 2072 episcopt,

105 2068 235 2115 quibus
265 2068 304 2103 in

105 2114 225 2150 omnia
249 2116 368 2149 autem

361 2067 488 2120 eversis
518 2068 608 2120 locis
637 2069 695 2104 ius
725 2069 1030 2122 metropoliticum
1055 2071 1283 2123 praes-titum·
1298 2074 1370 2112 est,
1391 2069 1580 2122 ‚eiusmodi
1603 2069 1800 2150 λονίυίίεὶᾳίο
1832 2070 1871 2104 in
1896 2073 2115 2123 perpetuum
2145 2069 2324 2114 fruantur
2331 2082 2346 2112 ;

419 2113 585 2159 rivileqta
609 2117 644 2149 et
667 2113 825 2156 solacia,
861 2125 955 2160 quae
977 2125 1026 2151 ex
1049 2114 1230 2162 imperiali
1256 2115 1472 2151 liberalitate
1494 2115 1550 2151 vel
1571 2119 1678 2151 etiam
1709 2126 1758 2150 ai

1762 2125 1783 2151 ο
1807 2114 2060 2161 qualecumque
2081 2113 2186 2150 modo
2209 2115 2346 2151 sanctis

104 2158 263 2195 ecclesiis
286 2157 344 2194 vel
362 2158 446 2194 aiis
469 2158 733 2195 venerabilibus
756 2159 846 2195 locis
859 2160 1045 2206 praestita
1068 2164 1163 2202 sunt,
1184 2161 1342 2206 firmiter
1366 2161 1412 2196 iis
1428 2171 1502 2207 per
1525 2161 1645 2196 omnia
1667 2165 1865 2197 serventur.

238 2204 281 2240 V.
331 2202 528 2240 Praeterea
550 2204 733 2239 sancimus
756 2209 792 2240 et
815 2205 974 2240 omnium
996 2205 1305 2242 sanctissimarum
1328 2205 1561 2241 ecclesiarum
1593 2210 1628 2242 et
1650 2205 1873 2251 reliquarum
1899 2203 2154 2240 venerabilium
2176 2201 2345 2238 domuum

98 2250 349 2296 possessiones
375 2260 491 2295 neque
514 2249 665 2285 sordida
687 2260 838 2286 munera
870 2261 985 2296 neque
1008 2250 1329 2287 extraordinarias
1352 2250 1614 2297 descriptiones
1636 2250 1766 2286 subire.
1814 2249 1857 2286 Si
1881 2253 1998 2286 tamen
2021 2249 2162 2285 viarum
2183 2251 2344 2285 sternen-

104 2294 233 2337 darum
263 2294 318 2330 vel
335 2295 505 2340 pontium
528 2294 786 2330 struendoram
818 2299 883 2330 aut
911 2295 1190 2341 reficiendorum
1221 2297 1416 2332 necessitas
1439 2295 1624 2339 inciderit,
1659 2295 1709 2331 ad
1731 2295 1848 2331 instar
1871 2298 2071 2331 ceterorum
2094 2302 2345 2341 possessorum

104 2339 279 2375 eiusmodi
308 2349 402 2391 opus
431 2339 539 2375 etiam
569 2343 718 2376 sanctae
748 2339 919 2376 ecclesiae
951 2344 1163 2387 ceteraeque
1191 2341 1412 2378 venerabiles
1442 2340 1570 2376 domus
1599 2344 1839 2387 exequantur,
1869 2340 1934 2376 ubi
1981 2338 2044 2374 uid
2072 2339 2111 2374 in
2134 2349 2178 2375 ea
2201 2337 2346 2374 civitate

101 2385 291 2437 possident
320 2395 359 2419 m
383 2395 458 2431 qua
483 2384 661 2420 eiusmodi
684 2396 778 2433 opus
829 2388 851 2420 t.
901 2384 1038 2428 Quodsi
1066 2397 1160 2432 quae
1191 2398 1250 2422 res
1272 2397 1323 2423 ex
1346 2385 1538 2422 curialium
1561 2385 1774 2422 substantiis
1806 2385 1856 2421 ad
1877 2395 1951 2432 qua

2022 2394 2171 2430 cumque
2192 2382 2344 2419 sanctis-

103 2441 230 2466 simam
254 2429 440 2466 ecclesiam
463 2430 520 2465 vel
534 2429 645 2466 aliam
661 2441 791 2467 venera
817 2430 896 2466 ilem
919 2430 1063 2466 domum
1082 2432 1277 2468 secundum
1302 2431 1398 2478 leqes
1419 2435 1592 2468 venerunt
1615 2431 1672 2468 vel
1686 2435 1817 2478 postea
1832 2433 2078 2477 perventurae
2092 2431 2188 2472 sunt,
2213 2426 2345 2465 liberas

103 2486 167 2511 eas
189 2485 266 2511 esse
290 2475 472 2510 sancimus
496 2486 519 2510 a
543 2474 786 2523 descriptione
811 2475 1083 2514 lucrativorum.

162 2602 178 2633 1
207 2594 331 2631 αὐταῖς
355 2611 413 2632 om.
427 2599 487 2634 Ac
502 2596 514 2642 ΙΙ
542 2598 561 2631 3
587 2595 727 2641 θρόνου
751 2597 871 2645 ρἰόμης
891 2599 923 2632 Α
940 2599 952 2643 ΙΙ
974 2598 1033 2640 τὰ]
1059 2597 1124 2633 τὸν
1141 2599 1192 2632 B‘

103 2643 147 2678 τὰ
169 2641 237 2686 ἥδη
250 2644 410 2677 Nomoc.’'¹
437 2643 450 2686 ΙΙ
475 2639 547 2676 ἀπὸ
571 2643 694 2683 MLB]
720 2639 791 2677 ὑπὸ
813 2644 1016 2678 ANomoc.'¹⁸
1042 2644 1055 2687 ΙΙ
1081 2640 1188 2690 ἁγιω-

103 2686 215 2722 τάτου
229 2689 259 2722 A
278 2687 290 2732 ΙΙ
314 2690 335 2722 4
359 2686 496 2723 πάππα
520 2689 593 2721 ML
610 2688 622 2731 ΙΙ
639 2685 823 2731 βασιλείου
846 2689 878 2722 Α
897 2689 909 2732 ΙΙ
931 2692 951 2724 5
976 2691 1062 2731 Καὶ]
1086 2687 1192 2722 Κατὰ

103 2735 195 2768 malit
215 2734 403 2767 Zachariae
420 2733 432 2777 fl
450 2735 470 2767 6
493 2733 556 2775 τῆς
580 2732 820 2776 ιόυστινιανῆς
842 2734 1003 2768 Nemeam
1026 2734 1040 2779 ss
1062 2732 1191 2777 χαλκη-

104 2776 209 2817 δόνος
232 2778 438 2812 LNomoc.m
462 2778 475 2821 ΙΙ
506 2780 523 2811 7
548 2775 723 2823 Ἀφρικῆς]
759 2779 799 2812 ἐν
823 2775 958 2824 ἀφρικῆ
983 2780 1144 2814 Nomos-”¹
1179 2778 1191 2824 Ι]

104 2821 322 2866 διοικήσεως]
346 2823 492 2856 civitatis
516 2835 535 2859 ς
551 2823 563 2866 ΙΙ
582 2826 600 2857 8
625 2818 711 2865 ἡμῖν
735 2823 873 2866 ταύτην
893 2825 1054 2858 Nemeam
1068 2823 1080 2870 Η
1103 2822 1190 2858 ἀπε-

103 2871 300 2911 κατέστησε
323 2869 409 2902 LB⁶
426 2868 438 2911 ΙΙ
463 2871 483 2902 9
509 2866 547 2900 αἱ
570 2869 703 2901 om.AL
721 2868 733 2910 ΙΙ
761 2871 801 2903 10
824 2867 1093 2914 μητροπολικὸν
1118 2870 1159 2903 Μ
1171 2882 1190 2906 ς

105 2911 398 2961 ομητροπολιταε
423 2916 474 2946 Aa
499 2913 511 2956 ΙΙ
537 2914 574 2946 11
603 2908 893 2955 ἄπολαβέτωσαν
916 2916 1077 2950 Nomoan
1109 2914 1122 2959 ΙΙ
1150 2917 1190 2949 12

103 2959 228 2995 πάντα
253 2978 295 2983 -
322 2960 362 2994 16
388 2955 640 3001 φυλάττεσθαι
663 2970 722 2992 om.
737 2960 783 2998 A,
809 2961 866 2994 ubi
887 2961 931 3002 (f.
952 2961 1031 2994 184*
1048 2961 1125 2994 med.
1145 2979 1190 2986 --

96 3007 127 3049 s.
149 3006 238 3047 188¹)
271 3010 344 3038 ante
369 3016 395 3037 c.
421 3005 440 3037 5
466 3005 650 3037 inseruntur
681 3004 826 3038 novellae
854 3005 1020 3038 CXXIII
1039 3013 1189 3048 excerpta

102 3050 336 3084 Athanasium
368 3051 424 3092 (cs.
460 3049 555 3082 Witte
587 3049 620 3081 in
649 3048 737 3081 Krie.
761 3049 1015 3093 Jahrbic'chers.
1042 3051 1190 3084 deutsche

103 3096 310 3130 Rechtswiss.
326 3096 425 3136 1847,
445 3106 481 3138 p.
498 3093 574 3134 187)
600 3092 613 3136 ΙΙ
636 3095 708 3133 καὶ]
733 3092 786 3125 vel
810 3106 830 3129 ς
854 3094 866 3135 11
894 3093 933 3127 αἱ
955 3095 1189 3140 παραμυθίαι

102 3141 335 3174 Haloandrum
351 3147 476 3173 secutus
493 3139 668 3180 Scrimqer,
691 3138 778 3181 vulq.
796 3139 851 3181 (cjl
870 3141 915 3172 ad
933 3142 985 3182 16)
1004 3142 1016 3183 ΙΙ
1038 3142 1076 3174 13
1093 3135 1189 3183 ἅπερ

103 3186 312 3239 IIaloander]
350 3180 468 3229 ἅσπερ
493 3184 538 3217 M
544 3183 575 3216 L
586 3183 627 3235 B,
649 3182 661 3226 ΙΙ
688 3184 747 3215 καὶ
772 3196 831 3217 om.
856 3184 907 3216 B⁶
926 3185 1088 3219 Νοιιιοσ.”ι
1110 3187 1121 3222 ΙΙ
1149 3188 1189 3220 14

102 3230 401 3319 essenis
408 3229 446 3310 1¹¹⁷
470 3225 1188 3318 22,32¹²{33222‘533202‘222222052352252

102 3334 168 3364 μεν
191 3319 444 3366 φυλάττεσθαι
468 3318 557 3364 πρὸς
580 3314 720 3352 τούτοις
743 3319 772 3351 S
797 3318 809 3362 ΙΙ
831 3321 891 3351 καὶ
916 3332 973 3352 om.
998 3332 1017 3355 ς
1036 3319 1047 3363 ΙΙ
1070 3320 1189 3353 πάσας

102 3365 166 3399 τὰς
190 3364 397 3411 ἁγιωτάτας
421 3363 604 3407 ἐκκλησίας
632 3365 691 3396 καὶ
714 3361 798 3397 τοὺς
826 3361 951 3397 ἄλλους
975 3367 1190 3408 σεβασμίους

102 3411 233 3454 οἴκους,
266 3425 323 3444 om.
348 3410 413 3444 τὰς
436 3409 574 3452 κτήσεις
594 3410 625 3442 Α
642 3409 654 3453 ΙΙ
671 3405 892 3455 ἁγιωτάτων
915 3421 973 3441 om.
992 3411 1028 3450 S,
1059 3412 1188 3442 sancta-

102 3468 175 3488 rum
201 3469 220 3492 ς
237 3457 248 3500 ΙΙ
270 3458 309 3490 18
327 3456 406 3489 τῶν
422 3454 557 3496 ἄλλων]
582 3455 731 3487 omnium
755 3465 775 3490 ς
793 3454 804 3497 ΙΙ
823 3455 863 3488 19
888 3451 1004 3497 *μηδὲ
1028 3452 1189 3499 ῥυπαράς

104 3502 214 3534 MLB
247 3500 297 3545 μὴ
322 3500 484 3545 ῥυπαρὰς
510 3501 567 3533 SA
585 3501 597 3539 ΙΙ
612 3498 704 3544 μήτε
723 3499 844 3540 MLB]
867 3496 958 3542 μηδὲ
976 3500 1007 3532 Α
1033 3495 1057 3541 ἢ
1075 3500 1186 3539 8υ.ί.,

102 3543 123 3586 ἢ
141 3549 375 3590 προσκαίρους
393 3546 530 3591 ἐξορίας
549 3541 573 3588 ἢ
598 3547 626 3578 S
635 3547 783 3588 plerique
800 3544 812 3587 Ι]
837 3544 1131 3577 entraordinarias
1157 3546 1186 3578 L

102 3589 395 3635 ἐξίῑταοτδιναρίας
409 3592 454 3624 Μ
471 3587 734 3635 ἐκστραόρδινα
744 3591 797 3623 vel
808 3586 1045 3635 ἐξτραόρδινα
1060 3590 1088 3622 S
1110 3588 1185 3630 ἔξω

99 3636 178 3668 τῶν
201 3638 433 3682 τεταγμένων
455 3633 762 3680 (διατεταγμένων
787 3636 830 3676 L)
855 3635 933 3668 ML
945 3647 1024 3675 s.v.‚
1048 3634 1082 3668 Β
1106 3634 1118 3678 Ι
1144 3637 1187 3669 20

100 3676 312 3725 διαγραφὰς]
348 3678 561 3724 οἱαςδήποτε
592 3678 792 3727 διαγραφὰς
814 3681 845 3714 A
887 3675 1083 3723 οἱαδήποτε
1108 3680 1138 3714 S
1173 3680 1186 3725 ΙΙ

1261 2593 1491 2642 ὁδοστρωσία
1514 2606 1544 2632 et
1567 2599 1606 2632 21
1634 2595 1802 2643 οἰκοδομὴ
1828 2598 1856 2632 S
1882 2598 1895 2641 ΙΙ
1925 2599 1965 2632 21
1991 2599 2138 2643 γένηται
2161 2609 2183 2639 χ
2205 2599 2261 2631 σία
2283 2595 2345 2643 Δι’,

1258 2645 1359 2687 χρεία
1389 2657 1447 2677 om.
1473 2645 1523 2677 Aa
1551 2642 1564 2688 ΙΙ
1591 2645 1634 2678 22
1658 2644 1751 2678 κατὰ
1773 2646 1925 2687 μίμησιν
1954 2655 2014 2676 οηι.
2038 2645 2067 2677 Δ
2098 2643 2111 2687 ΙΙ
2137 2640 2182 2676 ἄλ
2207 2654 2260 2676 ων
2284 2654 2343 2677 om.

1259 2690 1288 2722 S
1314 2689 1325 2732 ΙΙ
1347 2686 1549 2733 οἰκητόρων
1573 2689 1627 2723 Bt
1651 2688 1664 2729 ΙΙ
1692 2690 1733 2723 23
1757 2691 1818 2723 καὶ
1840 2688 1914 2730 τὰς]
1948 2689 2009 2721 καὶ
2037 2701 2096 2722 om.
2117 2689 2150 2722 L
2175 2687 2189 2732 fl
2218 2685 2346 2723 ἄλλους

1258 2746 1317 2767 om.
1331 2745 1352 2770 ς
1367 2734 1380 2777 ΙΙ
1398 2735 1442 2768 24
1466 2731 1616 2778 πληρῶν
1634 2735 1676 2767 Μ
1697 2730 1831 2779 Ηήνίκα
1854 2754 1899 2758 -
1922 2734 1966 2768 30
1986 2730 2185 2779 διαγραφῆς
2208 2746 2268 2767 om.
2283 2734 2312 2767 8
2330 2733 2345 2777 fl

1258 2780 1447 2821 κέκτηνται
1469 2778 1539 2822 τὴν
1563 2777 1684 2821 πόλιν]
1720 2779 1790 2823 τὴν
1813 2775 1922 2813 πόλιν
1945 2777 2194 2812 καθίστανται
2222 2775 2344 2812 *0203-

1257 2834 1320 2856 σαι
1343 2825 1374 2858 A
1391 2824 1403 2868 ΙΙ
1429 2825 1471 2859 25
1496 2820 1564 2870 ὑφ’
1590 2821 1637 2867 ἣν
1661 2837 1719 2858 om.
1734 2825 1770 2858 B
1796 2824 1808 2867 ss
1831 2827 1936 2870 ἔργον
1957 2826 2097 2870 γίνεται
2120 2824 2168 2864 Β,
2190 2825 2248 2858 ubi
2268 2823 2344 2857 reli-

1258 2882 1323 2912 qua
1343 2882 1427 2912 pars
1450 2871 1568 2914 capitis
1593 2871 1745 2903 omittitur
1761 2870 1773 2914 ΙΙ
1798 2871 1840 2904 28
1864 2867 1946 2903 τοὺς
1969 2882 2027 2902 om.
2052 2868 2113 2912 An
2139 2870 2181 2903 29
2204 2864 2342 2912 mpod*

1261 2913 1392 2948 θὀυσιν
1415 2914 1448 2948 L
1473 2914 1486 2958 ΙΙ
1509 2914 1628 2948 ταῦτα
1651 2914 1744 2949 εἶναι
1766 2916 1813 2956 L,
1836 2914 1955 2948 ταῦτα
1978 2926 2036 2948 om.
2049 2913 2111 2958 ΑΙ]
2136 2915 2180 2948 30
2202 2913 2343 2946 lucrati-

1256 2962 1338 3002 βων
1358 2961 1390 2993 L
1414 2959 1616 3003 looratissaw
1639 2961 1670 2993 A

1324 3052 1343 3083 5
1361 3051 1448 3084 rubr.
1470 3050 1521 3082 Dc
1545 3048 1794 3092 archiepiscopo
1817 3047 2018 3089 cartaginesi
2042 3047 2075 3080 R
2100 3048 2132 3081 in
2157 3059 2260 3099 marq-
2284 3048 2342 3090 (ef.

1255 3094 1332 3136 Iul.)
1354 3095 1367 3137 ΙΙ
1391 3094 1489 3127 modo
1514 3104 1645 3135 quoque
1670 3094 1702 3126 R.
1725 3092 1737 3137 ΙΙ
1761 3091 1912 3135 pontiflci
1938 3092 1971 3125 T
1987 3090 2000 3133 ΙΙ
2027 3093 2048 3126 6
2072 3091 2253 3134 cartaginis
2276 3092 2347 3126 ΒΤ
2412 3133 2418 3144 ,

1256 3138 1461 3181 chartaginis
1481 3139 1538 3182 Vn
1554 3138 1716 3171 affricane
1727 3138 1762 3171 R
1774 3137 1835 3171 VT
1846 3136 1859 3180 ΙΙ
1877 3135 2033 3177 civitatis]
2054 3136 2211 3170 dioecesis
2223 3135 2343 3184 Beck„

1256 3184 1375 3217 dedi·-
1402 3184 1450 3217 R·
1466 3183 1479 3227 Ι]
1507 3185 1525 3216 7
1550 3183 1639 3216 hunc
1663 3183 1697 3215 R
1713 3182 1726 3225 ΙΙ
1750 3183 1769 3216 8
1794 3181 1953 3225 episcopis
1974 3181 2022 3215 V¹
2040 3180 2053 3226 ΙΙ
2075 3183 2095 3216 9
2119 3181 2342 3225 metropoliti-

1257 3240 1330 3262 cum
1347 3229 1434 3272 vulq.
1452 3228 1466 3272 ΙΙ
1480 3227 1715 3272 praestitutum
1736 3226 1787 3261 V²
1805 3227 1816 3271 ΙΙ

1257 3275 1334 3308 add.
1358 3274 1446 3317 vulq.
1471 3272 1477 3315 Ι
1514 3273 1578 3314 vel]
1603 3276 1635 3306 et
1660 3273 1752 3306 Beck
1777 3271 1790 3316 ΙΙ
1817 3271 1937 3305 solatio
1964 3272 2012 3305 T*
2039 3272 2053 3315 ΙΙ
2085 3274 2126 3307 12
2149 3272 2233 3306 alios
2253 3269 2341 3316 1⁷¹}

1259 3321 1300 3353 14
1322 3318 1418 3352 firma
1438 3318 1472 3351 V
1518 3317 1730 3351 confirmetur
1751 3317 1799 3351 V¹
1835 3317 2072 3350 confirmentur
2092 3316 2170 3362 V³ss
2199 3319 2238 3352 17
2251 3318 2339 3352 ναὸν.

1257 3366 1305 3397 De
1327 3362 1517 3406 priuilegiis
1547 3362 1791 3405 possessionum
1821 3363 1863 3395 ad
1886 3362 2094 3396 uenerabiles
2126 3362 2215 3395 locos
2237 3361 2339 3406 porti·

1255 3409 1407 3442 nentium
1423 3408 1679 3450 (pertinentibus
1696 3409 1740 3450 T)
1764 3408 1873 3441 RTin
1892 3420 1993 3452 mary.
2013 3410 2067 3448 (ex
2079 3407 2156 3450 Iul.)
2174 3407 2187 3452 Ι]
2202 3405 2338 3440 sanc&-

1255 3454 1411 3487 simarum
1429 3453 1639 3486 ecclesiarum
1662 3454 1692 3486 T
1711 3453 1922 3486 ecclesiarum
1937 3454 2126 3485 sanctarum
2143 3452 2176 3485 R
2193 3452 2206 3495 fl
2225 3453 2265 3486 18
2281 3450 2338 3484 do·

1257 3509 1383 3532 morum
1408 3499 1440 3531 R
1453 3500 1538 3542 vuly.
1555 3499 1567 3542 ΙΙ
1589 3501 1628 3532 19
1653 3498 1932 3532 extraordinarios
1952 3498 2002 3531 V¹
2020 3496 2032 3542 ΙΙ
2049 3498 2092 3531 20
2115 3497 2144 3530 si
2166 3508 2227 3532 om.
2242 3495 2310 3530 BT

1257 3545 1302 3577 tr‘n
1320 3544 1353 3577 R
1369 3543 1380 3588 ΙΙ
1401 3544 1439 3577 21
1467 3546 1561 3586 opus]
1585 3544 1614 3576 si
1638 3554 1720 3586 opus
1743 3544 1812 3577 RT
1833 3545 1845 3586 Η
1870 3544 1912 3576 22
1932 3552 2138 3586 posset-orum
2161 3541 2218 3585 Vfl
2241 3542 2282 3575 23

1264 3588 1316 3622 V²
1331 3589 1430 3632 only]
1457 3602 1515 3622 om.
1530 3589 1564 3622 R.
1575 3588 1621 3622 V¹
1633 3590 1671 3630 T,
1695 3591 1729 3622 et
1743 3587 1826 3622 alias
1844 3589 1938 3623 Beck
1954 3588 1968 3630 fl
1984 3586 2232 3629 complex-Edam
2254 3585 2306 3620 1⁷⁰
2323 3583 2338 3631 Ι

1257 3636 1300 3668 24
1324 3634 1470 3678 possidet
1494 3634 1606 3676 RVT,
1624 3646 1706 3667 corr.
1720 3635 1775 3667 vul
1798 3658 1806 3667 .
1824 3633 1837 3677 ΙΙ
1853 3633 1898 3665 sit
1919 3633 2004 3676 VT„
2024 3633 2065 3666 27
2091 3628 2256 3670 venerint]
2281 3638 2338 3664 110·

1255 3679 1356 3713 niunt
1383 3679 1438 3723 ΤΙΙ
1457 3680 1498 3714 28
1524 3678 1742 3722 discriptione
1764 3647 1820 3723 121]
1837 3678 2066 3711 lucratnorum
2088 3675 2139 3711 T¹

1834 3229 1875 3261 10
1887 3227 2060 3269 patiantur
2075 3227 2154 3271 T¹fl
2175 3230 2210 3262 11
2228 3228 2339 3261 auhn
2387 3266 2390 3268 v
2420 3230 2421 3234 ’
