2592 3840
282 84 387 128 Nov.
410 85 592 129 LXXIX
610 101 673 142 pr.
707 90 727 129 1
1315 148 1319 150 ῃ
1350 84 1436 132 388
1975 103 2095 135 APUD
2124 104 2237 142 Quos
2265 104 2498 144 orou'rsa'r

781 266 841 310 iffi
1754 278 1917 314 LXXIX.
1965 279 2075 316 Auth.
2086 280 2230 318 LXXX.
2252 281 2339 318 0011.
2349 283 2399 320 v1
2411 284 2464 320 tit.
2476 287 2494 319 τ

280 339 477 392 ΠΑΡΑ
522 339 667 393 ΤΙΣΙ
706 339 863 393 ΧΡΗ
903 341 1355 399 ΔΙΚΑΖΕΣΘΑΙ
1520 347 1572 395 R
1604 346 1790 397 APUD
1826 347 2002 408 QUOS
2039 348 2401 403 OPORTEAT

279 406 693 460 ΜΟΝΑΧΟΥΣ
733 408 869 462 ΚΑΙ
912 410 1354 471 ΑΣΚΗΤΡΙΑΣ.
1423 412 1697 465 CAUSAM
1728 413 2375 535 ΙΞΙΒἙΕὲξίΓΡὲὶΙΒΞΟΞΝὲΟΗΟΒ
2406 420 2496 471 ΕΤ

277 549 314 585 Ὁ
338 549 442 587 αὐτὸς
464 550 629 596 βασιλεὺς
652 553 764 596 Μηνᾷ
792 554 846 597 τῷ
868 550 1060 600 ἁγιωτάτῳ
1084 552 1354 601 ἆρχιεπισκόπῳ
1391 562 1410 593 5
1491 557 1589 594 Idem
1612 559 1703 603 Aug.
1728 559 1858 596 Menae
1881 562 2084 598 beatissimo
2107 562 2378 608 archiepiscopo
2402 567 2438 599 et

539 599 598 632 καὶ
624 597 856 642 οἰκουμενικῴ
882 598 1094 649 πατριάρχῃ.
1751 606 1908 650 generali
1932 608 2168 653 patriarchae.

328 663 625 711 (Προοίμιον.)
665 666 825 721 ἏΠρρὶγμα
848 663 1034 710 μαθόντες
1058 669 1118 703 ἐπὶ
1141 667 1272 713 ταύτης
1294 671 1355 714 τῆς
1467 671 1749 718 (Praefatio.)
1788 673 1878 710 Rem
1893 679 2146 720 cognoscentes
2170 687 2244 712 11011
2263 679 2398 711 rectam
2418 675 2497 711 fieri

276 707 460 751 βασιλίδος
479 707 616 744 πόλεως
636 723 700 744 ουκ
721 711 840 759 ορθὸν
858 712 1031 758 γίνεσθαι
1047 711 1224 759 ᾠήθημεν
1242 716 1352 759 κοινῷ
1423 716 1461 751 in
1478 718 1547 751 hac
1570 716 1666 761 regia
1691 718 1832 755 civitate
1850 721 2027 756 communi
2046 721 2122 767 lege
2143 721 2405 757 aestimavimus
2426 721 2496 757 hoc

276 752 376 798 νόμῳ
408 756 515 788 τοῦτο
540 754 786 802 θεραπεῦσαι,
821 753 1009 802 ἀρχόμενοι
1038 760 1104 803 μὲν
1128 757 1200 794 ἀπὸ
1223 757 1354 802 ταύτης
1422 761 1573 804 mederi,
1606 762 1816 800 incohantes
1848 766 1988 811 quidem
2016 765 2063 801 ab
2093 767 2161 802 hac
2184 766 2392 810 felicissima
2413 766 2495 802 civi-

275 800 335 842 τῆς
370 797 578 844 εὐδαίμονος
613 799 767 844 πόλεως,
804 803 852 836 εἰς
881 798 1031 838 ἅπασαν
1067 802 1107 838 δὲ
1141 803 1253 839 αὐτὸν
1287 804 1354 848 τὴν
1370 810 1408 841 10
1422 810 1508 850 tate,
1540 807 1577 842 in
1601 808 1721 843 omnia
1744 819 1827 845 vero
1852 820 1930 846 eam
1953 820 2045 856 quae
2069 811 2231 848 subiecta
2257 815 2349 853 sunt
2364 811 2494 848 disten-

275 841 431 887 ὐπήκοον
463 847 688 881 ἐκτείνοντες.
735 849 830 882 τινὲς
858 846 927 895 γὰρ
960 846 1028 891 τὴν
1063 851 1124 893 τῆς
1154 847 1354 896 ὀρθοδόξου
1424 852 1560 887 dentes.
1608 852 1758 897 Quidam
1795 855 1888 890 enim
1922 857 2081 892 volentes
2116 867 2341 903 corrumpere
2374 857 2495 895 ortho-

275 893 431 924 πίστεως
463 890 666 935 σεμνότητα
695 891 908 936 βουλόμενοι
939 891 1181 941 διαφθείρειν,
1213 897 1250 929 εἴ
1269 909 1354 931 τινα
1423 898 1537 933 doxae
1566 897 1648 933 fidei
1677 899 1915 942 honestatem,
1951 901 1982 937 si
2012 901 2156 946 quidam
2186 902 2284 937 litem
2306 901 2497 938 habuerint

275 933 378 978 δίκην
409 937 522 978 ἔχοιεν
551 935 668 980 δῆθεν
698 934 720 980 ἢ
750 937 839 985 πρὸς
869 939 1045 983 μοναχούς
1074 937 1096 983 ἢ
1129 940 1218 987 πρὸς
1247 938 1354 984 ἀσκη·
1424 944 1525 987 quasi
1560 953 1640 978 cum
1676 945 1860 980 monachis
1895 949 1958 982 aut
1995 947 2176 989 ascetriis,
2213 946 2331 983 civiles
2360 946 2496 985 iudices

274 983 383 1026 τρίας,
405 985 568 1027 προςίασι
592 985 665 1017 τοῖς
688 982 884 1018 πολιτικοῖς
907 983 1086 1030 ἄρχουσιν,
1110 985 1147 1019 οἱ
1170 983 1210 1019 δὲ
1227 987 1354 1031 ἐκπέμ-
1422 988 1659 1034 interpellant,
1690 990 1729 1024 at
1752 989 1803 1025 illi
1824 991 1968 1026 mittunt
1992 996 2199 1028 executores
2228 994 2495 1037 praesumentes

274 1037 381 1059 πουσι
413 1025 616 1074 πράκτορας
650 1025 840 1068 ἀξιοῦντας
870 1026 978 1063 ἔνδον
1006 1042 1047 1064 τε
1070 1032 1245 1077 γενέσθαι
1275 1033 1354 1066 τῶν
1370 1036 1409 1069 15
1423 1034 1594 1069 accedere
1618 1034 1714 1069 intra
1743 1035 1823 1071 loca
1845 1040 1971 1072 sancta
2001 1041 2037 1072 et
2059 1037 2253 1073 monachos
2275 1036 2416 1082 trahere
2440 1041 2495 1073 at-

275 1070 382 1119 ἱερῶν
405 1069 533 1106 τόπων
565 1075 625 1107 καὶ
647 1073 824 1118 μοναχούς
847 1072 1002 1114 ἐξέλκειν
1033 1078 1093 1109 καὶ
1120 1081 1354 1122 μοναστρίαις
1424 1089 1492 1124 que
1516 1079 1731 1115 monastrias
1761 1080 1814 1116 vel
1844 1082 2017 1118 ascetrias
2047 1082 2256 1136 inquietare,
2289 1081 2413 1118 forsan
2437 1091 2496 1118 eas

274 1115 352 1169 ἢτοι
431 1121 587 1171 anteguis
620 1118 777 1161 ἐνοχλεῖν
811 1119 897 1153 ἴσως
928 1123 987 1154 καὶ
1017 1118 1186 1156 ἀθεάτοις
1213 1121 1352 1156 οὔσαις·
1424 1134 1514 1169 quae
1537 1135 1609 1160 non
1632 1124 1814 1161 videntur:
1839 1130 1876 1162 et
1899 1127 1981 1162 hinc
2005 1127 2170 1162 iniunam
2193 1130 2229 1163 et
2251 1127 2497 1170 confusionem

274 1163 475 1197 uavuwev
515 1166 623 1210 υβριν
658 1177 698 1198 τε
733 1167 793 1198 καὶ
827 1164 998 1211 σύγχυσιν
1036 1161 1077 1200 οὗ
1112 1166 1242 1214 μικρὰν
1280 1170 1354 1202 τοῖς
1422 1180 1496 1206 non
1519 1180 1666 1215 parvam
1688 1170 1931 1208 adorabilibus
1955 1172 2034 1208 fieri
2056 1173 2157 1208 locifl-

274 1211 523 1255 προςκυνητοῖς
550 1210 724 1256 γίνεσθαι
754 1209 889 1246 τόποις.

1282 1347 1438 1384 CAPUT
1466 1349 1493 1386 1.

319 1419 389 1455 Διὰ
411 1422 518 1456 τοῦτο
549 1426 675 1458 τοίνυν
704 1424 940 1469 θεσπίζομεν,
973 1425 1008 1459 εἴ
1026 1437 1080 1460 τις
1109 1425 1257 1461 οἱανοῦν
1280 1429 1354 1469 ἔχοι
1368 1429 1410 1462 20
1475 1427 1672 1473 Propterea
1701 1430 1808 1474 igitur
1839 1430 2034 1472 sancimus,
2066 1430 2098 1466 si
2129 1431 2207 1476 quis
2239 1441 2497 1478 quamcumque

275 1464 376 1510 δίκην
400 1466 488 1514 πρός
511 1479 613 1503 τινας
634 1470 713 1503 τῶν
736 1467 1013 1515 εὐλαβεστάτων
1037 1468 1206 1514 ἀσκητῶν
1229 1469 1252 1515 ἢ
1275 1473 1354 1507 τῶν
1422 1473 1587 1509 habuerit
1610 1484 1755 1510 causam
1779 1486 1861 1510 cum
1880 1476 2058 1521 aliquibus
2077 1477 2342 1514 venerabilibus
2365 1478 2495 1514 sancti-

276 1511 483 1558 ἱερωμένων
517 1513 719 1561 παρθένων
754 1513 776 1558 ἢ
809 1517 993 1563 γυναικῶν
1029 1517 1068 1551 ἐν
1102 1521 1355 1563 μοναστηρίοις
1422 1519 1636 1556 monialibus
1674 1524 1738 1556 aut
1772 1521 1920 1557 sacratis
1955 1521 2150 1566 virginibus
2191 1526 2254 1558 aut
2289 1522 2495 1559 mulieribus

275 1555 366 1592 ὅλως
388 1554 519 1601 οὐσῶν,
551 1560 604 1603 τῷ
630 1559 908 1614 θεοφιλεστάτη)
941 1559 1080 1596 πόλεως
1104 1560 1254 1605 ἑκάστης
1277 1565 1354 1597 ἐπι·
1423 1564 1566 1602 omniuo
1589 1565 1627 1600 in
1650 1566 1876 1602 monasteriis
1901 1567 2188 1610 consistentibus,
2221 1568 2287 1604 deo
2311 1567 2497 1604 amabilem

275 1600 401 1646 σκόπῳ
440 1606 638 1650 προςιέναι,
673 1618 738 1640 τον
770 1604 810 1640 δὲ
839 1610 997 1650 πέμπειν
1031 1610 1091 1642 καὶ
1120 1606 1212 1652 μετὰ
1241 1608 1355 1651 πάσης
1423 1609 1577 1645 civitatis
1593 1610 1690 1646 illius
1708 1612 1915 1657 episcopum
1926 1612 2140 1658 interpellet,
2159 1612 2219 1648 ille
2237 1623 2320 1650 vero
2333 1613 2498 1650 mittatet

275 1645 491 1693 σεμνότητός
525 1662 565 1684 τε
595 1653 655 1684 καὶ
686 1649 949 1696 εὐσχημοσύνης
982 1651 1028 1687 τὰ
1063 1655 1146 1698 περὶ
1181 1654 1243 1696 τῆς
1276 1655 1354 1687 τῶν
1368 1656 1410 1689 25
1424 1664 1505 1690 cum
1526 1656 1620 1690 omni
1641 1656 1830 1692 honestate
1854 1667 1946 1702 quae
1969 1661 2054 1693 sunt
2077 1658 2121 1694 de
2138 1668 2370 1704 personarum
2390 1669 2496 1704 prae-

275 1692 480 1740 προςώπων
503 1699 699 1742 παρουσίας
724 1694 947 1740 διατάττειν,
982 1698 1054 1732 εἴτε
1078 1695 1152 1732 δέοι
1185 1695 1246 1733 διὰ
1275 1700 1354 1733 τῶν
1424 1700 1540 1735 sentia
1573 1701 1758 1746 disponat,
1792 1703 1866 1738 sive
1889 1705 2031 1756 oportet
2058 1713 2124 1748 per
2146 1704 2295 1740 abbates
2329 1704 2403 1740 sive
2431 1714 2506 1750 per-

274 1735 483 1786 ἡγουμένων
513 1740 584 1775 εἴτε
607 1738 669 1775 διὰ
692 1742 769 1776 τῶν
792 1739 986 1789 ἀποκρισια
1011 1746 1079 1778 tam
1110 1743 1182 1778 εἴτε
1202 1740 1254 1778 δι’
1283 1743 1354 1778 ἑτέ·
1423 1746 1647 1790 responsales
1680 1747 1753 1783 sive
1782 1758 1848 1793 per
1871 1747 1960 1784 allos
1994 1748 2172 1794 quoslibet
2195 1749 2264 1785 hoc
2287 1749 2388 1794 fleri3·
2420 1750 2498 1796 ipse

275 1798 351 1830 ρων
380 1785 495 1820 τινῶν
525 1787 814 1833 παραγίνεσθαι·
850 1786 963 1823 αὐτὸν
988 1756 1036 1822 ρδὲ
1056 1787 1148 1834 μετὰ
1176 1790 1238 1832 τῆς
1261 1787 1354 1835 ἱερα-
1423 1800 1504 1826 vero
1529 1801 1610 1826 cum
1635 1793 1730 1827 omni
1753 1793 1981 1829 veneratione
2004 1793 2216 1839 sacerdotali
2243 1804 2389 1830 causam
2412 1803 2496 1831 exa-

274 1830 372 1873 τικῆς
404 1828 620 1875 σεμνότητος
650 1830 692 1866 τὸ
723 1834 872 1880 πρᾶγμα
903 1832 1082 1877 ἐξετάζειν
1116 1837 1176 1868 καὶ
1207 1837 1352 1881 κρίνειν,
1422 1836 1532 1871 minet
1554 1841 1590 1871 et
1613 1837 1756 1882 iudicet,
1781 1842 1817 1873 et
1841 1838 1960 1874 civiles
1983 1849 2055 1875 non
2079 1839 2151 1874 sint
2170 1839 2312 1884 penitus
2333 1839 2384 1876 eis
2403 1839 2494 1876 iudi-

275 1877 334 1908 καὶ
364 1874 571 1932 πολιτικοὺς,
598 1875 648 1921 μὴ
680 1877 773 1931 εἶναι
805 1878 993 1914 παντελῶς
1030 1878 1149 1914 αὐτοῖς
1185 1877 1354 1914 δικαστὰς
1367 1883 1409 1916 30
1423 1891 1482 1916 ces
1507 1892 1622 1927 neque
1638 1883 1859 1919 confundant
1879 1894 2002 1920 eorum
2021 1884 2254 1927 honestatem,
2279 1895 2360 1921 cum
2377 1885 2494 1921 idonei

274 1918 366 1965 μηδὲ
400 1933 652 1964 καταισχυνειν
690 1936 758 1977 την
795 1921 919 1959 αὐτῶν
954 1923 1173 1970 σεμνότητα,
1215 1924 1353 1959 ἱκανῶν
1422 1926 1495 1962 sint
1526 1927 1592 1963 deo
1623 1929 1793 1964 amabiles
1823 1929 2041 1974 singularum
2073 1929 2254 1966 civitatum
2277 1929 2438 1976 episcopi
2461 1936 2496 1966 et

275 1965 397 2001 ὄντων
413 1968 492 2001 τῶν
509 1966 808 2013 θεοφιλεστατων
827 1968 974 2013 ἑκάστης
990 1969 1128 2005 πόλεως
1144 1967 1354 2005 ἐπισκόπων

320 2058 405 2092 Νου.
420 2059 593 2094 LXXIX
603 2060 766 2102 (Authent.
781 2061 926 2094 LXXX
935 2078 980 2091 =
994 2062 1075 2095 Gall.
1091 2061 1142 2095 VI
1149 2062 1196 2094 tit.
1207 2063 1241 2095 7:
1266 2062 1376 2105 yloss.)
1398 2062 1523 2098 Graece
1536 2072 1623 2098 extat
1635 2066 1668 2098 in
1682 2065 1726 2097 M
1734 2066 1804 2106 (om.
1820 2065 1850 2098 L
1861 2073 1993 2108 praeter
2005 2067 2165 2099 rubricam
2179 2067 2222 2109 ej}
2237 2066 2283 2098 ad
2294 2066 2438 2107 390310).
2451 2085 2496 2092 —

274 2103 363 2147 Epit.
390 2104 595 2183 ἳΙιΧωῙιέὶῗΙθ,
631 2106 752 2139 Athon.
781 2108 815 2148 1,
840 2114 872 2140 15
906 2108 994 2149 (inde
1024 2106 1106 2141 Goll.
1136 2114 1233 2140 conse.
1264 2107 1343 2140 eccl.
1376 2108 1440 2141 III
1462 2111 1496 2151 1,
1522 2111 1576 2152 15),
1617 2110 1750 2144 Nomoc.
1771 2110 1874 2144 XIV
1891 2112 1936 2145 tie.
1962 2112 1995 2152 9,
2019 2119 2033 2144 1
2057 2124 2096 2155 p.
2121 2111 2186 2145 536
2213 2110 2318 2145 Para.
2371 2112 2494 2150 Iulian.

275 2157 370 2183 const.
566 2175 572 2182 -

1300 2284 1473 2322 LXXIX.

477 2350 659 2402 APUD
699 2350 873 2412 QUOS
907 2351 1182 2404 CAUSAM
1216 2354 1491 2405 DICERE
1529 2354 1890 2406 OPORTEAT
1920 2356 1985 2407 M
1985 2356 2215 2408 ONACH
2219 2357 2300 2409 OS

1017 2419 1110 2471 ET
1137 2421 1767 2475 SANCTJMONJALES.

613 2494 713 2532 Idem
735 2498 922 2544 Auqustus
939 2498 1071 2535 Menae
1093 2501 1320 2537 sanctissimo
1345 2501 1621 2549 archiepiscopo
1647 2508 1681 2538 et
1700 2502 1935 2549 patriarchae
1958 2503 2164 2539 universali.

412 2563 676 2610 Praefatio.
723 2565 813 2602 Rem
836 2577 908 2601 non
931 2567 1062 2602 iustam
1087 2569 1262 2614 comperti
1292 2569 1331 2604 in
1361 2568 1430 2605 lzac
1460 2569 1565 2616 reqia
1597 2569 1684 2606 urbe
1707 2570 1879 2606 committi
1909 2571 2194 2607 existimavimus
2220 2572 2399 2608 communi
2420 2572 2500 2619 leqe

279 2620 357 2645 eam
380 2608 582 2644 sanandam
605 2620 693 2653 esse,
725 2615 767 2646 ut
789 2611 930 2647 initium
955 2613 1097 2664 quidem
1118 2624 1161 2649 ca
1188 2625 1329 2650 eremus
1359 2615 1404 2651 ab
1428 2614 1496 2651 kae
1521 2614 1626 2660 felici
1648 2614 1747 2658 urbe,
1776 2615 1827 2651 ad
1849 2626 1953 2651 omne
1975 2620 2094 2652 autem
2126 2618 2318 2663 imperium.
2334 2621 2498 2654 nostrum

279 2666 356 2690 eam
381 2654 665 2690 extenderemus.
714 2655 893 2692 Nonnulli
916 2668 1010 2692 enim
1035 2625 1265 2695 orthoaessxae
1283 2659 1374 2704 fidei
1391 2660 1609 2711 yravitatem
1631 2660 1791 2696 minuere
1815 2660 1982 2704 volentes,
2005 2662 2038 2696 si
2056 2672 2163 2707 quam
2185 2662 2288 2707 forte
2306 2661 2402 2699 litem
2423 2662 2499 2714 sive

280 2709 359 2735 cum
382 2698 567 2738 monachis
596 2700 670 2735 sive
693 2711 773 2736 cum
795 2702 1129 2739 sanctimonialibus
1153 2703 1295 2747 habent,
1328 2705 1449 2741 cimles
1471 2704 1607 2741 iudices
1631 2704 1775 2747 adeunt,
1799 2705 1837 2740 lei
1861 2710 1980 2742 autem
2002 2710 2215 2742 executores
2237 2707 2402 2749 mittunt,
2434 2718 2495 2753 qut

279 2755 387 2781 sacra
419 2743 500 2780 loca
531 2745 670 2781 intrare
700 2749 735 2781 et
764 2746 963 2783 monachos
993 2747 1188 2784 extrahere
1217 2754 1251 2785 et
1274 2749 1607 2789 sanctimonialibus
1636 2750 1710 2787 sive
1741 2751 1906 2786 ascetriis
1937 2750 2135 2787 molestiam
2157 2749 2328 2788 exhibere
2350 2751 2498 2797 audent,

280 2801 372 2837 quas
387 2789 489 2835 forte
509 2800 554 2825 ne
568 2790 688 2826 videre
711 2791 854 2843 quidem
878 2791 1003 2830 liceat:
1034 2798 1143 2839 atque
1165 2793 1249 2830 inde
1272 2805 1346 2842 non
1369 2795 1506 2841 exiqua
1529 2795 1665 2831 iniuria
1687 2799 1723 2831 et
1739 2795 1971 2841 perturbatio
1994 2795 2194 2831 adorandis
2217 2796 2497 2848 locus-infertur.

413 2834 442 2870 Ι.
492 2833 694 2881 Propterea
717 2836 830 2882 tqitur
852 2838 1045 2880 sancimus,
1068 2839 1103 2874 si
1121 2839 1203 2885 quis
1226 2839 1522 2891 qualemcumque
1535 2839 1632 2875 litem
1655 2839 1785 2876 habeat
1807 2851 1887 2876 cum
1910 2840 2122 2892 quibusdam
2145 2852 2196 2877 ex
2217 2841 2499 2894 reliquom-{simis

279 2878 465 2917 monachis
488 2879 543 2916 vel
565 2891 615 2916 ex
638 2882 856 2917 consecratis
879 2883 934 2918 vir
960 2882 1079 2918 inibus
1102 2884 1349 2920 muliembusve
1379 2896 1474 2931 quae
1497 2884 1641 2920 omnino
1671 2885 1710 2920 in
1732 2885 1961 2922 monasteriis
1983 2890 2086 2928 sunt,
2118 2891 2159 2922 ut
2181 2886 2248 2922 cleo
2273 2896 2515 2930 camsstmum·

281 2925 436 2962 civitatis
459 2925 561 2961 cuius
584 2930 637 2962 est
660 2926 865 2973 episcopum
890 2939 912 2962 a
938 2932 1014 2970 eat,
1045 2928 1078 2963 is
1101 2934 1219 2965 autem
1243 2931 1359 2965 mittat
1384 2934 1419 2965 et
1442 2940 1522 2965 cum
1546 2930 1644 2965 omni
1665 2930 1846 2981 yravitate
1876 2935 1986 2976 atque
2013 2930 2199 2966 honestate
2247 2942 2314 2968 uae
2345 2932 2395 2967 ad
2410 2944 2496 2979 per-

280 2981 450 3007 sonarum
468 2971 716 3018 praesentiam
734 2973 921 3018 pertinent
943 2977 1100 3015 statuat,
1131 2974 1204 3010 sive
1253 2975 1413 3013 raesules
1442 2975 1516 3011 sive
1545 2975 1808 3021 apocrisiarios
1837 2975 1912 3011 sive
1968 2986 2035 3011 uos
2065 2975 2160 3011 alios
2189 2975 2216 3011 il
2231 2987 2333 3012 orum
2357 2978 2498 3014 nomine

281 3028 359 3054 com
387 3026 492 3052 arere
516 3020 659 3062 oportet
665 3028 679 3057 ;
714 3017 792 3063 ipse
815 3027 898 3053 vero
923 3028 1003 3053 cum
1034 3018 1253 3055 sacerdotai
1275 3021 1458 3066 qravitate
1487 3030 1634 3055 causam
1665 3021 1851 3056 examinet
1872 3025 1906 3055 et
1954 3020 2117 3063 iiudicet‚
2149 3032 2234 3058 neve
2257 3023 2330 3057 sint
2352 3024 2497 3059 omnino

282 3063 349 3099 civi
365 3072 402 3097 es
424 3061 470 3097 iis
492 3061 629 3096 iudices
659 3072 728 3096 neu
752 3063 966 3107 qravz’tatem
991 3074 1114 3099 eorum
1138 3064 1338 3111 iqnominia
1362 3065 1541 3111 afficiant,
1574 3075 1652 3100 cum
1677 3064 1742 3100 deo
1769 3065 1946 3100 carissimi
1969 3066 2140 3113 cuiusque
2163 3067 2316 3102 civitatis
2339 3068 2499 3116 episcopi

328 3178 344 3210 1
360 3177 449 3210 rubr.
475 3176 564 3219 Περὶ
587 3174 760 3219 μοναχῶν
784 3172 1030 3219 δικαζομένων
1053 3179 1172 3212 ΤΙιεοιΙ.
1205 3178 1216 3218 ΙΙ
1249 3180 1268 3212 2
1292 3176 1357 3224 χρὴ
1389 3183 1392 3204 ¹
1426 3188 1530 3211 meme
1545 3179 1578 3213 T
1591 3179 1603 3221 11
1626 3179 1646 3212 6
1670 3177 1818 3220 generali
1843 3192 1902 3212 om.
1916 3179 1948 3211 R
1971 3178 1984 3222 ΙΙ
2013 3182 2034 3213 9
2058 3179 2100 3212 ab
2121 3180 2181 3214 hac
2200 3180 2252 3214 T²
2265 3182 2362 3224 only]
2386 3192 2407 3214 a
2429 3182 2502 3216 RV

282 3222 368 3263 ML]
391 3217 447 3254 δεῖ
458 3221 536 3259 ΑΛ,
553 3219 565 3265 ΙΙ
582 3222 602 3254 3
621 3222 680 3253 καὶ
702 3221 786 3262 ML]
811 3215 923 3262 ἣΑιΙι.
950 3221 963 3266 ΙΙ
989 3224 1030 3256 10
1048 3220 1159 3256 αὐτὸν
1174 3224 1218 3257 Μ
1223 3223 1244 3265 ¹]
1271 3223 1358 3257 αὐτὸ
1390 3231 1392 3263 ῑ
1427 3224 1488 3256 hac
1517 3224 1563 3257 Τι
1580 3222 1591 3267 ΙΙ
1610 3223 1799 3256 felicissima
1820 3224 1880 3256 hac
1904 3225 2041 3256 ciuitate
2066 3225 2115 3258 12²
2146 3225 2337 3259 felicissima
2360 3226 2497 3261 ciuitate

283 3267 414 3310 M²(cs.
429 3267 567 3308 389‚24)
586 3265 600 3309 ΙΙ
619 3266 658 3299 12
682 3267 776 3306 τινα]
802 3266 935 3307 quidam
950 3268 984 3307 (i.
1000 3281 1024 3301 e.
1039 3270 1143 3310 τινες)
1158 3282 1175 3304 ς
1192 3276 1203 3313 ΙΙ
1240 3271 1274 3302 17
1298 3271 1357 3301 καὶ
1389 3268 1392 3292 ¹
1426 3269 1487 3301 hac
1509 3268 1539 3301 V
1558 3269 1570 3311 ΙΙ
1603 3271 1642 3302 10
1667 3268 1777 3301 omnia
1801 3279 1881 3302 uero
1904 3269 1966 3309 R‘2]
1991 3270 2080 3302 omni
2105 3281 2184 3303 uero
2210 3271 2376 3305 R¹V¹T¹
2405 3273 2496 3305 omni

283 3324 375 3350 oms
389 3312 402 3355 ΙΙ
423 3313 462 3346 18
483 3307 696 3352 κάντεῦθεν]
722 3306 817 3344 ὥστε
838 3311 1012 3346 ἐντεῦθεν
1037 3315 1126 3347 malit
1139 3314 1324 3347 Zachariae
1347 3316 1357 3356 ΙΙ
1426 3324 1505 3346 uero
1528 3312 1600 3346 loco
1623 3312 1672 3346 V³
1707 3314 1818 3346 omnia
1841 3325 1919 3347 uero
1944 3314 2016 3347 looa
2039 3315 2089 3348 T³
2101 3318 2184 3360 vulq.
2208 3315 2220 3360 ΙΙ
2247 3327 2317 3350 eam
2335 3317 2435 3358 RT¹1
2460 3328 2497 3350 ea

283 3354 505 3400 21ἀσκητῶν
515 3357 558 3390 M
561 3356 695 3391 Nomoc.
705 3356 765 3390 XI
773 3357 867 3397 Vlia]
881 3354 994 3399 ἆσκητ
1018 3358 1085 3391 ιῶν
1095 3371 1160 3394 exe
1172 3359 1357 3392 Zachariae
1435 3358 1516 3392 VT²
1534 3357 1546 3401 ΙΙ
1567 3360 1603 3392 11
1629 3361 1849 3401 corrumpere]
1875 3370 1988 3392 eorum
2008 3371 2158 3403 rumpere
2186 3361 2267 3395 RT¹
2288 3361 2301 3406 ΙΙ
2312 3363 2497 3396 Ἰ110110110Χο

283 3417 345 3437 non
369 3410 451 3438 recte
474 3404 531 3446 (cs.
546 3403 623 3444 390,
636 3403 665 3444 2)
689 3401 702 3446 u
728 3402 770 3441 23
790 3399 948 3444 ἑκάστης]
974 3402 1000 3435 11
1014 3403 1066 3436 ius
1088 3416 1106 3440 ς
1133 3405 1144 3444 ΙΙ
1170 3405 1212 3438 25
1234 3416 1274 3436 τε
1298 3406 1357 3436 καὶ
1434 3404 1491 3446 Vu
1517 3405 1558 3436 12
1579 3403 1608 3436 si
1632 3403 1765 3446 quidem
1787 3404 1932 3448 V³vu19.
1959 3405 1999 3445 (si
2020 3407 2183 3447 quandam
2197 3407 2303 3449 Beck)
2325 3408 2338 3451 ΙΙ
2368 3409 2408 3441 13
2432 3408 2495 3441 asi-

282 3468 326 3473 —
350 3451 393 3483 29
418 3444 633 3491 σςμνότητος
664 3449 712 3481 bis
735 3459 796 3480 scr.
819 3448 863 3481 M
886 3446 898 3491 ΙΙ
935 3460 975 3482 τε
1006 3450 1066 3481 καὶ
1101 3445 1358 3491 εὐσχημοσύνης
1425 3448 1535 3482 storiis
1551 3448 1672 3482 RVT2
1694 3450 1802 3482 asistis
1817 3449 1849 3484 T
1857 3450 1867 3470 ¹
1895 3450 1907 3493 ΙΙ
1941 3452 1980 3484 16
2004 3453 2199 3485 monastrias
2222 3452 2285 3494 T2]
2318 3453 2496 3486 monastiea

284 3507 373 3531 οηι.ς
388 3496 401 3539 ΙΙ
428 3495 470 3528 28
495 3491 778 3539 παραγίνεσθαι]
803 3493 865 3525 hoc
889 3493 962 3526 fieri
985 3506 1004 3530 ς
1027 3493 1039 3538 ΙΙ
1072 3492 1161 3537 μετὰ
1185 3494 1257 3536 τῆς]
1283 3504 1358 3527 cum
1434 3493 1480 3527 V¹
1505 3495 1703 3530 monasteria
1721 3494 1868 3528 1911721*Ι
1889 3494 1902 3540 ΙΙ
1917 3496 2102 3530 ascisterias
2125 3498 2156 3530 V
2174 3498 2319 3531 asiatcian
2332 3497 2425 3542 RTu
2442 3499 2496 3530 in·

282 3541 373 3573 omni
396 3541 430 3581 (i.
452 3551 477 3572 e.
501 3537 591 3582 μετὰ
616 3535 741 3580 πάσης)
767 3550 786 3574 ς
1426 3539 1571 3581 quietate
1594 3539 1641 3571 V¹
1674 3539 1859 3582 inequitare
1874 3540 1907 3572 12.
1936 3540 2086 3582 inquieta
2108 3549 2124 3576 ἐ
2150 3544 2200 3576 Τ1
2230 3542 2244 3588 ΙΙ
2274 3545 2311 3577 17
2337 3543 2496 3579 iubentur

284 3602 1358 3611 -—-—-———————-——-—————
1425 3584 1517 3618 RV¹
1536 3583 1548 3628 ΙΙ
1568 3585 1605 3618 18
1632 3585 1713 3617 locis
1735 3585 1806 3618 fieri
1829 3585 1861 3618 R
1877 3584 1889 3629 ΙΙ
1909 3587 1951 3619 24
1975 3586 2067 3620 illius
2087 3587 2166 3621 VT2
2179 3589 2279 3631 vul9.]
2305 3602 2363 3624 om.
2381 3588 2493 3631 [317¹ss

341 3633 357 3666 1
384 3630 424 3675 Β(
445 3629 563 3663 LXXI
580 3630 654 3671 (sic)
676 3629 706 3662 V
730 3628 743 3671 ΙΙ
774 3630 794 3663 2
819 3631 948 3671 oportet
969 3629 1031 3662 VT
1056 3630 1069 3670 ΙΙ
1094 3631 1115 3663 4
1140 3630 1301 3662 assistrias
1329 3631 1356 3662 R
1426 3629 1627 3672 interpellet]
1648 3629 1800 3673 terpellet
1821 3632 1852 3664 in
1873 3644 1937 3664 rus,
1962 3631 1991 3663 V
2005 3631 2017 3675 ΙΙ
2034 3634 2075 3666 25
2091 3636 2177 3674 cum]
2197 3644 2269 3666 eum
2293 3634 2342 3667 V⁰
2360 3633 2429 3678 [127
2445 3644 2494 3666 re—

282 3676 430 3709 asistrias
458 3676 507 3708 T²
542 3675 707 3707 asisterias
733 3674 783 3707 T²
818 3674 1022 3707 ascitriarios
1051 3675 1083 3708 V
1106 3674 1119 3719 ΙΙ
1147 3678 1166 3710 5
1191 3686 1308 3708 menne
1333 3675 1362 3708 V
1429 3674 1711 3719 ···a1esle¹fl29
1726 3675 1772 3709 eis
1785 3677 1962 3718 penitusR
1985 3677 1998 3720 Π
2025 3679 2066 3712 31
2082 3682 2162 3710 sunt
2186 3678 2215 3712 V
