2476 3854
187 92 294 141 Nov.
326 93 439 142 CXV
468 98 494 141 3

186 207 306 242 ταῦτα
334 206 520 252 διαθήκην
550 205 780 250 ποιήσασθαι
810 203 1014 250 δυνηθεῖεν,
1045 205 1173 242 ἄδειαν
1205 206 1269 242 αὗ-

187 256 260 286 τοῖς
282 252 375 287 εἶναι
400 251 489 298 ὑπὲρ
518 254 581 295 τῆς
604 252 772 295 τοιαύτης
802 251 918 285 αἰτίας
946 251 1015 285 τὸν
1046 250 1160 287 παῖδα
1193 250 1265 288 ἀπὸ

187 296 423 343 κληρονόμων
455 300 586 332 ποιεῖν·
622 297 654 330 εἰ
687 294 727 330 δὲ
754 299 814 330 καὶ
846 298 886 330 ἐν
917 293 1011 343 αὐτῇ
1040 298 1085 343 τῇ
1114 295 1268 332 κωλύσει

187 339 270 384 δίχα
293 341 471 385 διαθήκης
492 343 570 376 τῶν
593 344 731 388 γονέων
753 352 807 375 τις
830 339 1058 384 τελευτήσειε,
1083 345 1142 375 καὶ
1166 341 1268 377 ἄλλοι

187 387 258 421 εἴτε
288 387 327 427 ἐξ
351 385 551 421 ἀδιαθέτου
583 388 631 421 εἰς
659 386 729 430 τὴν
758 387 822 420 τοῦ
846 385 1122 430 τελευτήσαντος
1144 386 1267 434 κληρο-

187 436 319 476 νομιάν
346 429 370 475 ἢ
398 429 480 477 μετ’
509 430 618 465 αὐτοῦ
647 432 711 465 τοῦ
745 428 875 466 παιδὸς
903 432 969 465 τοῦ
992 431 1061 475 τὴν
1085 429 1268 476 διαθήκην

185 476 360 523 γενέσθαι
382 474 613 511 κωλύσαντος
642 474 665 519 ἢ
687 474 772 520 μετ’
800 475 913 510 αὐτὸν
936 475 1166 520 καλούμενοι,
1197 477 1268 511 εἴτε

186 518 246 555 οὓς
276 520 514 566 κληρονόμους
545 520 569 565 ἢ
600 520 834 567 ληγαταρίους
865 522 958 563 ἔχειν
981 518 1165 566 ἠβούλετο,
1196 522 1267 556 εἴτε

185 565 221 599 οἱ
242 565 385 610 βλάβην
407 566 492 600 τινὰ
525 568 576 621 ex,
586 568 649 609 τῆς
672 565 859 599 κωλύσεως
890 567 951 608 τῆς
974 564 1151 610 διαθήκης
1180 565 1266 601 ὑπο-

1253 90 1340 142 538

1769 108 1831 142 ΌΤ
1859 108 1952 142 CUM
1967 110 2040 163 'DE
2069 109 2409 143 APPELLATIONE

1337 208 1416 261 dem
1435 210 1561 253 postea
1582 207 1702 244 facere
1719 208 1900 254 potuerint
1921 210 2182 254 testamentum,
2205 209 2253 246 sit
2272 210 2323 246 eis
2343 220 2410 255 pro

1335 253 1400 306 tali
1432 262 1543 305 causa
1568 252 1684 307 tilium
1711 253 1949 307 exheredandi
1978 253 2143 308 licentia5
2178 254 2209 290 si
2231 256 2349 291 autem
2371 255 2410 290 in

1336 307 1415 342 ipsa
1462 297 1676 334 rohxbitione
1700 309 1776 334 sme
1800 301 2012 335 testamento
2035 299 2163 344 ahquis
2188 309 2231 335 ex
2250 306 2408 344 parenn-

1338 344 1404 394 bns
1427 308 1628 388 decesserit,
1656 346 1695 397 pt
1718 343 1778 378 alii
1801 343 1956 396 sive-qui
1978 344 2030 396 ab·
2046 343 2216 397 intestato
2240 344 2285 380 ad
2307 345 2408 380 here-

1304 387 1482 466 5g1tatem
1503 388 1668 468 &functi
1689 392 1753 423 aut
1777 398 1867 468 euml
1880 399 1958 434 ipso
1982 388 2054 424 filio
2078 399 2139 434 qui
2160 391 2410 443 testamentum

1337 433 1807 531 ,sersenatis
1828 434 2141 531 {grassati
2155 443 2230 531 ἣξει
2246 434 2314 523 ¹¹...
2342 444 2409 515 ξε

1336 532 1471 557 Sionem
1495 522 1650 575 aquuam
1673 533 1717 558 ex
1738 523 1980 567 prohibltione
2003 527 2205 559 testamenti
2229 523 2409 559 sustinue-

1335 570 1431 609 runt,
1455 567 1524 602 hoc
1540 578 1657 612 ipsum
1674 568 1962 614 approbaverint,
1988 568 2182 604 secundum
2203 567 2292 604 alias
2314 567 2410 613 leges

184 614 371 654 μείναντες
402 612 510 645 τοῦτο
534 611 622 645 αυτὸ
649 607 891 653 ἆποδείξαιεν,
922 611 1014 645 κατὰ
1037 611 1121 646 τοὺς
1143 610 1267 646 ἄλλους
1282 613 1321 646 10
1336 620 1443 657 super
1464 612 1533 648 hoc
1556 612 1693 657 positas
1717 613 1805 648 talia
1834 614 1978 659 negotia
1996 613 2241 650 terminentur.

185 655 316 699 νόμους
339 655 422 690 τοὺς
445 660 527 701 περὶ
554 657 683 690 τούτου
707 659 885 699 κειμένους
908 655 955 689 τὰ
978 657 1131 690 τοιαῦτα
1151 658 1266 705 πράγ-

184 713 283 744 ματα
307 700 554 746 περαιούσθω.

186 746 233 781 10
278 745 310 778 εἰ
333 746 432 790 παρὰ
456 746 607 792 γνώμην
633 747 711 779 τῶν
733 747 873 792 γονέων
895 745 1029 790 μεταξὺ
1054 747 1219 792 κυνηγῶν
1242 743 1267 789 ἢ

184 793 308 834 μίμων
338 790 470 825 ἑαυτὸν
501 789 521 824 ὁ
546 790 620 824 υἱὸς
644 789 886 836 ἐγκαταλέξειε
916 793 977 823 καὶ
1006 792 1046 824 ἐν
1069 790 1189 834 τούτῳ
1211 792 1266 834 τῷ

1335 747 1383 783 10
1429 745 1467 782 Si
1490 748 1633 791 praeter
1655 746 1872 782 voluntatem
1902 750 2089 792 parentum
2112 747 2206 783 inter
2227 746 2409 783 arenarios

1334 794 1396 826 aut
1415 790 1541 826 mimos
1566 801 1643 826 sese
1666 790 1759 827 filius
1783 792 1970 827 sociaverit
1991 795 2027 827 et
2044 791 2083 827 in
2101 792 2170 828 hac
2187 793 2409 838 professione

186 832 443 880 ἐπιτηδεύματι
471 833 681 880 διαμείνειε,
705 835 802 889 εἱΙμὴ
819 835 929 877 τυχὸν
950 838 1011 869 καὶ
1026 835 1062 869 οἱ
1075 839 1189 882 γονεῖς
1203 837 1266 879 τῆς
1280 837 1319 869 15
1334 836 1585 881 permanserit,
1617 837 1687 871 nisi
1717 837 1869 872 forsitan
1895 837 2002 872 etiam
2031 840 2198 882 parentes
2227 838 2302 873 eius
2325 847 2408 883 pro-

184 881 354 923 τοιαύτης
378 879 637 924 ἐπιτηδεύσεως
659 891 865 926 γεγονασιν.

185 928 231 961 11
278 925 314 958 εἴ
338 939 412 960 τινι
441 927 480 959 ἐκ
508 927 586 960 τῶν
608 926 807 971 εἰρημένων
828 927 967 971 γονέων
989 924 1196 970 βουλομένῳ
1219 926 1264 971 τῇ

186 968 261 1012 ἰδίᾳ
279 969 437 1017 θυγατρὶ
455 969 479 1014 ἢ
495 971 624 1018 ἐγγόνῃ
649 968 766 1017 ἄνδρα
791 968 919 1004 δοῦναι
941 973 1001 1003 καὶ
1021 974 1151 1015 προῖκα
1171 971 1264 1005 κατὰ

184 1015 253 1058 τὴν
277 1013 433 1059 δύναμιν
463 1016 525 1059 τῆς
548 1014 640 1050 ἰδίας
669 1019 872 1060 περιουσίας
895 1013 986 1061 ὑπὲρ
1010 1013 1120 1058 αὐτῆς
1150 1028 1266 1061 παρα-

1333 881 1498 916 fessionis
1521 881 1678 917 fuerunt.

1334 929 1379 963 11
1426 926 1464 961 Si
1493 926 1599 961 alicui
1627 936 1671 961 ex
1700 925 1894 971 praedictis
1917 925 2124 971 parentibus
2155 926 2287 963 volenti
2314 925 2410 963 filiae

1334 981 1420 1007 suae
1454 971 1509 1006 vel
1542 971 1641 1016 nepti
1675 971 1843 1006 maritum
1878 970 1963 1006 dare
1998 974 2034 1006 et
2067 971 2185 1007 dotem
2215 971 2410 1008 secundnm

1333 1017 1424 1052 vires
1449 1016 1672 1051 substantiae
1695 1025 1780 1052 suae
1803 1026 1869 1060 pro
1887 1025 1931 1051 ea
1946 1019 2130 1060 praestare
2152 1016 2213 1052 illa
2235 1027 2307 1052 non
2323 1026 2408 1052 con-

185 1062 283 1102 σχεῖν
314 1062 430 1103 ἐκείνη
461 1061 510 1105 μὴ
543 1063 753 1107 συναινέσῃ,
786 1057 869 1094 ἀλλ’
896 1060 1044 1105 αἰσχρὸν
1074 1064 1158 1105 βίον
1189 1063 1265 1096 ἐπι-
1279 1063 1320 1096 20
1334 1061 1502 1104 senserit,
1536 1061 1599 1096 sed
1629 1061 1848 1096 luxuriosam
1880 1060 2005 1105 degere
2032 1061 2141 1096 vitam
2170 1061 2323 1106 elegerit.
2371 1060 2411 1097 Si

185 1104 338 1148 λέξηται.
387 1107 417 1139 εἰ
441 1103 481 1139 δὲ
499 1109 601 1151 μέχρι
624 1106 735 1139 εἴκοσι
758 1108 867 1140 πέντε
886 1106 1066 1139 ἐνιαυτῶν
1087 1103 1224 1149 ἡλικίας
1243 1103 1266 1149 ἦ

185 1150 237 1184 &v
261 1151 352 1195 άτηρ
383 1154 531 1197 γένηται
561 1154 621 1184 καὶ
652 1150 688 1184 οἱ
715 1153 829 1196 γονεῖς
859 1147 1099 1195 ὑπέρθωνται
1127 1150 1266 1194 ταύτην

185 1192 232 1229 οἷν
256 1199 291 1239 ρὶ
323 1195 502 1242 συνάψαι,
535 1199 595 1229 καὶ
627 1196 712 1230 ἴσως
743 1197 780 1229 ἐκ
811 1193 942 1229 τούτου
966 1199 1122 1240 συμβαίη
1152 1196 1200 1230 εἰς
1222 1195 1264 1230 τὸ

185 1240 312 1284 ἑαυτῆς
343 1242 450 1285 σῶμα
477 1241 616 1283 ταύτην
639 1237 714 1295 οἱμα

1333 1116 1415 1142 vero
1440 1116 1554 1150 usque
1578 1105 1624 1141 ad
1642 1106 1764 1150 viginti
1787 1106 1940 1157 quinque
1963 1115 2138 1142 annorum
2161 1110 2313 1142 aetatem
2332 1116 2409 1151 per·

1333 1152 1469 1187 venerit
1497 1151 1571 1186 filia
1603 1154 1638 1186 et
1665 1154 1833 1196 parentes
1858 1150 2060 1186 distulerint
2090 1160 2169 1186 eam
2198 1151 2326 1187 marito
2352 1160 2409 1187 oo·

1333 1197 1467 1242 pulare,
1493 1200 1530 1231 et
1552 1196 1704 1231 forsitan
1727 1206 1771 1231 ex
1795 1196 1862 1231 hoc
1887 1195 2075 1240 contigerit
2096 1195 2135 1232 in
2150 1207 2254 1232 suum
2278 1206 2409 1242 corpus

760 1242 845 1283 ἧσαι
874 1238 896 1283 ἢ
926 1238 1007 1283 δίχα
1029 1244 1267 1275 συναινέσεως
1334 1251 1412 1277 eam
1435 1251 1586 1287 peccare
1609 1245 1673 1276 aut
1695 1241 1773 1276 sine
1796 1251 1975 1276 consensu
1997 1245 2184 1285 parentum
2206 1242 2335 1278 marito
2360 1251 2409 1285 se,

184 1287 262 1320 τῶν
275 1289 414 1331 γονέων
426 1283 532 1331 ἆνὸρὶ
544 1286 686 1329 ἑαυτην,
701 1254 881 1330 ἐλῖυθέρῳ
922 1288 1070 1331 ἐντοιγε,
1087 1286 1264 1329 συζεῦξαι,
1278 1287 1320 1321 25
1333 1287 1444 1322 libero
1462 1290 1592 1327 tamen,
1620 1286 1839 1331 coniungere,
1861 1286 1930 1321 hoc
1948 1285 1996 1321 ad
2014 1286 2302 1330 ingratitudinem
2315 1285 2410 1322 filiae

183 1331 292 1364 τοῦτο
322 1332 369 1365 εἰς
392 1328 607 1376 ἀχαριστίαν
630 1332 675 1377 τῇ
700 1331 858 1377 θυγατρὶ
903 1331 1094 1377 ογίζεσθαι
1116 1328 1157 1365 οὗ
1181 1334 1264 1375 βου-

184 1373 345 1420 λόμεθα,
370 1375 493 1419 ἐπειδὴ
525 1373 567 1410 ού
597 1377 641 1423 τῇ
675 1375 799 1418 ἑαυτῆς
827 1373 919 1409 ἀλλὰ
950 1377 995 1422 τῇ
1026 1377 1104 1410 τῶν
1126 1378 1265 1422 γονέων

186 1421 286 1463 αἰτίᾳ
308 1422 415 1455 τοῦτο
438 1420 656 1468 γινώσκεται
679 1418 972 1465 πλημμελήσασα.

1332 1332 1497 1367 nolumus
1521 1331 1699 1376 imputari,
1724 1331 1807 1376 quia
1827 1341 1899 1366 non
1922 1341 1989 1367 sna
2012 1331 2119 1377 culpa
2143 1332 2206 1368 sed
2220 1334 2408 1378 parentum

1331 1377 1367 1412 id
1388 1377 1604 1412 commisisse
1628 1376 1864 1421 cognoscitur.

184 1466 229 1500 12
275 1466 312 1499 εἴ
337 1478 391 1501 τις
420 1468 459 1500 ἐκ
487 1468 564 1501 τῶν
594 1466 792 1511 εἰρημένων
821 1468 960 1512 γονέων
992 1467 1107 1512 μανῇ,
1140 1469 1200 1499 καὶ
1230 1464 1268 1499 οἱ
1333 1466 1379 1502 12
1427 1465 1465 1501 Si
1489 1466 1566 1510 quis
1591 1466 1634 1501 de
1657 1466 1851 1511 praedictis
1875 1466 2085 1510 parentibus
2111 1465 2268 1502 furiosus
2287 1465 2408 1508 fuerit,

185 1509 309 1545 παῖδες
340 1508 451 1545 αὐτοῦ
481 1509 503 1552 ἢ
531 1522 624 1546 τινες
653 1511 692 1551 ἐξ
716 1508 840 1545 αὐτῶν
870 1507 893 1553 ἢ
921 1509 1068 1545 παίδων
1091 1507 1190 1553 αὐτῷ
1214 1510 1263 1555 μὴ
1277 1512 1320 1545 30
1332 1514 1369 1546 et
1391 1511 1468 1546 eius
1491 1511 1595 1546 liberi
1625 1512 1679 1546 vel
1704 1511 1846 1555 quidam
1878 1521 1923 1546 ex
1953 1511 2009 1546 bis
2037 1514 2102 1546 aut
2130 1511 2252 1547 liberis
2281 1511 2314 1546 ei
2337 1521 2410 1547 non

185 1552 361 1590 ὑπόντων
389 1556 425 1590 οἱ
453 1554 554 1590 ἄλλοι
584 1553 695 1590 αὐτοῦ
729 1559 905 1602 συγγενεῖς
936 1555 973 1589 οἱ
1002 1556 1041 1596 ἐξ
1063 1553 1265 1590 ἄδιαθέτου

185 1601 233 1634 εἰς
253 1601 321 1635 τὸν
338 1598 449 1635 αὐτοῦ
472 1600 603 1647 κλῆρον
626 1600 839 1645 καλούμενοι
864 1598 1064 1646 ὑπηρεσίαν
1079 1604 1139 1634 καὶ
1155 1613 1262 1646 φρον-

184 1643 270 1679 τίδα
299 1645 547 1691 προςήκουσαν
578 1643 678 1688 αὐτῷ
709 1645 758 1690 μὴ
791 1645 1020 1689 παράσχοιεν,
1049 1647 1080 1679 εἰ
1109 1647 1176 1689 μὲν
1204 1647 1265 1689 τῆς

184 1691 351 1734 τοιαύτης
374 1688 595 1746 ἀπαλλαγείη
618 1692 748 1733 νόσου,
778 1693 880 1725 ἔσται
903 1688 1003 1734 αὐτῷ
1029 1689 1134 1725 ἄδεια
1157 1691 1264 1725 πότε-

1335 1556 1566 1591 existentibus
1601 1556 1663 1591 alii
1698 1557 1776 1591 eius
1812 1556 1952 1600 cognati
1988 1556 2049 1601 qui
2083 1556 2130 1592 ab
2159 1556 2328 1592 intestato
2362 1555 2410 1591 ad

1333 1602 1409 1636 eius
1439 1601 1671 1636 hereditatem
1701 1604 1875 1636 vocantur
1909 1601 2120 1646 obsequium
2153 1601 2187 1637 ei
2220 1604 2256 1637 et
2285 1611 2410 1636 curam

1333 1649 1594 1699 competentem
1615 1657 1687 1682 non
1709 1646 1949 1699 praebuerint,
1975 1647 2006 1682 si
2025 1647 2165 1692 quidem
2180 1655 2204 1681 a
2217 1645 2280 1682 tali
2299 1655 2410 1682 sanus

1333 1691 1442 1727 fuerit
1465 1691 1681 1735 infirmitate,
1715 1694 1783 1726 ent
1805 1700 1839 1727 ei
1861 1693 2020 1736 potestas
2044 1695 2164 1727 utrum
2186 1691 2270 1727 velit
2292 1691 2409 1736 negle-

185 1748 250 1780 ρον
272 1735 443 1780 βούλεται
474 1750 541 1771 τον
566 1734 680 1771 παῖδα
711 1734 734 1779 ἢ
765 1734 847 1770 τοὺς
878 1734 1009 1771 παῖδας
1043 1734 1066 1778 ἢ
1090 1738 1266 1782 συγγενεῖς
1279 1737 1321 1770 35

249 1826 271 1870 ξ
286 1829 325 1863 11
346 1829 423 1862 citat
443 1828 574 1861 Nomoc.
588 1827 743 1861 XIVtit.
760 1828 851 1868 13‚9‚
873 1828 1044 1871 exscripsit
1056 1827 1217 1860 Nomocst‘
1234 1829 1276 1860 ib.
1294 1828 1364 1868 (ubi
1378 1829 1497 1861 citatur
1512 1830 1561 1871 βι.
1579 1825 1627 1860 λε’
1643 1826 1721 1860 τῶν
1735 1824 1936 1870 βασιλικῶν
1950 1829 1996 1860 τί.
2014 1822 2047 1869 η’
2061 1838 2107 1859 κε.
2125 1823 2172 1860 λε’
2189 1825 2273 1871 θέμ.
2290 1823 2363 1870 ιβ’).

184 1916 327 1963 quidem
344 1923 478 1962 postea
503 1900 749 1952 testamentum
770 1916 898 1962 facere
919 1917 1119 1962 potuerint,
1144 1917 1251 1951 liceat
1272 1917 1318 1951 iis
1334 1921 1492 1962 propter
1512 1916 1618 1951 talem
1642 1926 1789 1951 causam
1809 1916 1927 1960 filium
1950 1915 2164 1952 exheredem
2181 1916 2331 1962 facere;
2352 1916 2409 1951 sin

184 1965 303 1997 autem
326 1962 408 2007 quis
430 1972 481 1997 ex
498 1961 714 2008 parentibus
735 1961 775 1995 in
798 1962 880 2007 ipsa
897 1960 1147 2007 prohibitione
1168 1961 1246 1995 sine
1271 1965 1479 1996 testamento
1503 1961 1706 2003 decesserit,
1730 1965 1768 1996 et
1789 1960 1855 1996 alii
1876 1961 1951 1997 sive
1973 1961 2018 1997 ab
2043 1961 2213 1997 intestato
2236 1960 2287 1996 ad
2307 1959 2409 1997 here-

184 2000 331 2042 ditatem
355 2006 521 2052 defuncti
543 2006 598 2042 vel
619 2017 698 2042 cum
722 2006 803 2058 ipso
825 2006 906 2051 filio
930 2006 994 2051 qui
1019 2010 1266 2052 testamentum
1285 2006 1372 2051 fieri
1386 2005 1577 2052 prohibuit
1599 2005 1657 2041 vel
1670 2010 1762 2052 post
1783 2016 1862 2041 eum
1884 2006 2022 2048 vocati,
2050 2006 2124 2041 sive
2147 2016 2240 2058 quos
2262 2005 2411 2042 heredes

185 2052 242 2087 vel
264 2051 463 2097 leqatarios
486 2051 618 2087 habere
640 2051 763 2092 voluit,
794 2052 867 2087 sive
881 2052 956 2130 lqui
977 2051 1146 2086 damnum
1169 2050 1223 2086 ali
1247 2050 1319 2086 uod
1341 2061 1391 2086 ex
1407 2050 1655 2097 prohibitione
1679 2050 1881 2086 testamenti
1895 2051 2003 2097 passi
2024 2055 2119 2093 sunt,
2150 2050 2190 2086 td
2210 2051 2327 2097 ipsum
2350 2050 2409 2086 de-

184 2097 474 2138 monstraverint,
499 2096 696 2132 secundum
720 2099 858 2131 ceteras
895 2107 978 2142 eqes
1002 2095 1071 2131 hac
1094 2095 1138 2131 de
1160 2106 1200 2130 re
1237 2099 1317 2131 atas
1340 2095 1516 2131 eiusmodi
1537 2106 1596 2131 res
1618 2095 1840 2131 decidantur.

184 2143 233 2179 10
280 2141 320 2177 Si
340 2142 441 2186 filius
464 2145 618 2188 praeter
640 2141 857 2176 voluntatem
874 2146 1071 2187 parentum
1103 2151 1252 2176 numero
1284 2141 1536 2176 arenariorum
1568 2141 1624 2176 vel
1652 2141 1842 2176 mimorum
1870 2150 1947 2176 sese
1970 2139 2183 2176 adiuncto-it
2211 2145 2248 2176 et
2276 2139 2315 2175 in
2341 2138 2411 2175 hac

182 2188 415 2233 professione
430 2187 695 2232 permanserit,
719 2186 790 2221 nisi
812 2188 914 2231 forte
937 2186 1043 2221 etiam
1062 2189 1237 2232 parentes
1259 2186 1433 2221 eiusmodi
1449 2185 1700 2232 professionis
1720 2185 1871 2231 fuerint.

183 2234 226 2268 11
273 2231 317 2267 Si
338 2232 397 2267 cui
420 2242 469 2267 ex
486 2231 689 2277 praedictis
706 2231 924 2278 parentibus
954 2242 1032 2266 cum
1056 2231 1140 2266 velit
1155 2231 1335 2277 propriae
1359 2230 1461 2276 filiae
1490 2230 1546 2266 vel
1575 2231 1675 2276 nepti
1698 2231 1866 2266 maritum
1895 2229 1985 2265 dare
2012 2233 2050 2265 et
2067 2229 2187 2265 dotem
2217 2228 2411 2266 secundum

184 2278 254 2313 vim
275 2276 499 2312 substantiae
528 2287 617 2312 suae
631 2287 708 2323 pro
732 2287 775 2311 ea
795 2279 987 2323 praestare
1017 2275 1081 2311 illa
1105 2286 1178 2311 non
1202 2277 1420 2317 consentiat,
1452 2275 1517 2311 sed
1541 2281 1680 2322 turpem
1704 2277 1813 2311 vitam
1842 2275 2045 2322 praeferat.
2091 2273 2231 2318 Quodsi
2248 2274 2329 2320 filia
2351 2285 2411 2310 us·

185 2333 255 2368 que
278 2321 327 2357 ad
349 2321 477 2373 viqinti
500 2321 659 2367 quinque
682 2331 860 2356 annorum
882 2326 1035 2357 aetatem
1051 2322 1260 2367 pervenerit
1282 2327 1318 2356 et
1331 2325 1509 2367 parentes
1539 2331 1617 2356 eam
1640 2320 1773 2356 marito
1795 2319 1968 2366 copulare
1990 2319 2212 2362 distulerint,
2244 2329 2288 2356 ac
2309 2320 2412 2366 forte

183 2367 268 2403 inde
291 2366 486 2412 contzqerit
514 2377 592 2402 eam
623 2367 660 2400 in
689 2377 755 2402 cor
783 2377 825 2401 us
851 2376 955 2401 suum
979 2376 1155 2412 peccasse
1182 2365 1239 2401 vel
1257 2366 1335 2401 sine
1358 2375 1534 2402 consensu
1563 2370 1756 2412 parentum
1787 2364 1930 2406 marito,
1962 2363 2074 2400 libero
2100 2369 2235 2407 tamen,
2264 2375 2304 2400 se
2326 2374 2410 2401 con-

184 2413 359 2454 iunxisse,
392 2411 461 2491 hac
490 2411 528 2445 in
560 2411 737 2458 inqratitu
764 2412 856 2447 inem
883 2410 985 2456 filiae
1008 2410 1183 2457 imputari
1202 2410 1388 2453 nolumus,
1420 2410 1591 2457 quoniam
1621 2420 1695 2446 non
1718 2419 1786 2445 sua
1816 2409 1881 2445 sed
1895 2413 2094 2456 parentum
2124 2409 2233 2456 culpa
2255 2409 2295 2445 id
2317 2419 2411 2446 com·

184 2458 321 2493 misisse
343 2458 416 2492 inte
445 2467 464 2491 e
490 2457 575 2492 itur.

184 2503 230 2538 12
276 2501 320 2537 Si
341 2503 423 2548 quis
453 2467 503 2537 ἔτι·
527 2500 731 2548 praedictis
758 2500 975 2546 parentibus
1004 2501 1172 2546 furiosus
1201 2500 1266 2542 sit,
1297 2504 1332 2536 et
1355 2499 1459 2536 liberi
1489 2501 1566 2536 eius
1594 2500 1650 2536 vel
1672 2499 1839 2536 nonnulli
1862 2510 1911 2535 ea:
1929 2499 1992 2542 its,
2023 2498 2079 2535 vel
2099 2498 2132 2534 si
2155 2497 2260 2535 liberi
2281 2499 2316 2536 ei
2337 2510 2411 2536 non

184 2548 268 2589 sint,
293 2547 402 2583 cetem'
424 2547 502 2582 eius
524 2547 690 2592 coquam}
716 2546 778 2591 qui
803 2545 848 2580 ab
874 2547 1044 2581 intestato
1069 2545 1119 2581 ad
1140 2544 1373 2581 hereditatem
1396 2546 1473 2581 eius
1495 2550 1683 2587 vocantur,
1708 2545 1759 2590 of
1780 2545 1873 2580 cium
1896 2547 1932 2580 et
1954 2554 2078 2579 curam
2101 2543 2257 2580 debitam
2280 2545 2315 2581 ei
2336 2555 2411 2581 non

186 2591 389 2634 adhibeant,
413 2592 446 2626 si
462 2591 604 2637 quidem
620 2590 664 2626 ab
681 2590 858 2626 eiusmodi
879 2590 1005 2626 morbo
1030 2590 1204 2626 liberatus
1218 2590 1277 2633 sit,
1301 2590 1419 2626 licebit
1442 2590 1533 2637 ipsi,
1556 2591 1590 2626 si
1611 2590 1712 2633 velit,
1764 2590 1850 2625 lium
1873 2588 1931 2625 vel
1948 2589 2048 2634 filios
2070 2588 2125 2625 vel
2147 2594 2326 2636 coquatos
2347 2589 2412 2637 qui

233 2682 253 2714 2
273 2678 449 2722 τοιαύτης]
473 2680 639 2722 τοιαύτης
662 2682 721 2712 καὶ
741 2678 857 2723 μόνον
877 2681 907 2712 Α
934 2679 956 2734 st.
968 2675 1266 2724 ἇποκληρονόμον

187 2727 304 2761 ποιεῖν
320 2726 370 2758 Β8
386 2738 417 2756 υ.
433 2727 465 2765 L,
481 2727 510 2758 A
536 2722 767 2769 ἐξνερεδάτον
792 2727 910 2758 ποιεῖν
933 2737 1043 2770 ηγουν
1061 2722 1266 2767 ἆπόκληρον

187 2773 304 2806 ποιεῖν
321 2771 370 2803 B⁸
386 2783 415 2803 v.
431 2771 463 2811 l.,
488 2768 644 2812 ἅκληρον
660 2768 881 2814 (ἀπόκληρον
894 2771 950 2802 Pr.
964 2772 1057 2811 unus)
1077 2771 1195 2804 ποιεῖν
1208 2770 1265 2803 Pr.

187 2818 253 2860 Ep.
269 2815 282 2860 ΙΙ
300 2815 320 2848 3
334 2815 378 2855 εἰ]
395 2828 554 2854 numerum
566 2814 606 2847 θ’
619 2816 792 2858 apponitA
807 2814 820 2859 ss
839 2816 898 2847 καὶ
913 2815 1048 2856 MLB']
1071 2828 1128 2848 om.
1142 2815 1171 2848 A
1181 2827 1200 2851 ς
1210 2814 1264 2848 Pr.

187 2863 253 2902 Ep.
278 2859 291 2904 ΙΙ
315 2861 336 2893 4
361 2857 592 2901 *τελευτήσω
610 2860 681 2893 ML
692 2860 749 2893 Pr.
774 2857 974 2901 τελευτήσει
994 2860 1077 2893 AB⁶
1100 2860 1113 2903 ss
1138 2861 1158 2893 5
1183 2858 1266 2901 εἴτε]

187 2906 262 2939 οἵτε
287 2905 317 2938 L
378 2905 398 2937 6
421 2901 504 2946 μετ’
523 2901 632 2937 αὐτοῦ
654 2904 732 2945 τοῦ]
762 2904 853 2947 μετὰ
876 2904 941 2937 τοῦ
964 2905 1077 2945 APr.,
1094 2905 1143 2938 Β*
1160 2917 1188 2937 υ.
1212 2906 1231 2937 l.
1255 2903 1268 2948 ss

189 2954 207 2985 7
228 2946 261 2993 ἢ]
285 2946 307 2992 ἦ
325 2947 362 2982 οἱ
380 2950 410 2982 A
424 2949 482 2982 Pr.
507 2949 520 2992 ΙΙ
546 2952 565 2982 8
589 2945 661 2989 οὓς]
686 2950 813 2982 ἐκεῖνοι
837 2947 896 2981 οὓς
919 2950 950 2982 A
968 2948 981 2992 ΙΙ
1001 2946 1025 2990 ἢ
1041 2947 1267 2994 λεγαταρίους

189 2997 239 3031 B⁸
253 2997 332 3038 Ep.‚
356 2991 378 3036 ἢ
403 2992 634 3039 ληγαταρίους
653 3002 728 3036 post
751 2990 924 3037 ἠβούλετο
949 2995 1019 3026 coll.
1034 2996 1076 3035 A,
1102 3007 1159 3026 om.
1174 2995 1231 3027 Pr.
1256 2994 1267 3035 ΙΙ

187 3037 388 3095 ἠβούλοντο
400 3039 458 3072 Pr.
478 3037 491 3082 ΙΙ
517 3041 556 3072 10
581 3037 672 3070 κατὰ
697 3038 777 3071 τοὺς
800 3057 843 3062 -—
866 3040 907 3072 12
932 3036 1182 3082 περαιούσθω]
1207 3040 1267 3071 καὶ

188 3082 304 3119 ου’τως
326 3081 533 3127 άπόκληρον
556 3081 731 3126 γενέσθαι
756 3080 869 3115 αὐτόν
882 3083 939 3116 Pr.
964 3084 1022 3114 καὶ
1043 3080 1157 3115 οὕτως
1178 3079 1267 3116 ἀπό-

188 3129 313 3175 κληρος
336 3126 356 3162 ὁ
379 3130 462 3163 παῖς
486 3128 581 3161 ἔστω
597 3128 661 3171 Ερ.
689 3127 702 3171 ΙΙ
729 3127 821 3160 κατὰ
845 3124 927 3160 τοὺς
950 3126 1080 3170 νόμους
1103 3129 1185 3161 τοὺς
1207 3125 1265 3160 ἆλ-

188 3175 269 3210 λους
293 3174 355 3215 Lss
382 3175 422 3208 12
447 3171 692 3217 περαιοῦσθαι
716 3172 747 3205 L
766 3174 778 3214 ΙΙ
803 3174 842 3205 13
867 3171 909 3212 εἴ]
934 3170 959 3215 ἢ
974 3173 1004 3204 A
1031 3171 1080 3205 Οὐ
1096 3172 1210 3214 μόνον
1229 3169 1269 3205 δὲ

188 3218 278 3254 ἀλλὰ
299 3222 360 3253 καὶ
383 3219 414 3252 εἰ
433 3218 487 3251 Pr.
502 3218 567 3261 Ep.
592 3221 766 3257 (numerum
783 3215 805 3249 ι’
821 3219 956 3260 apponit
969 3219 1016 3256 A,
1041 3215 1088 3248 ια’
1103 3217 1147 3257 L)
1173 3218 1186 3259 ss
1208 3229 1266 3259 με·

188 3265 278 3306 ταξὺ
296 3283 342 3290 -
385 3265 492 3307 ίμων]
515 3265 637 3307 μίμοις
654 3262 711 3295 Pr.
725 3262 789 3304 Ep.
811 3262 823 3303 ΙΙ
852 3262 893 3295 14
917 3257 937 3293 ὁ
961 3259 1035 3293 υἱὸς
1059 3260 1234 3294 ἑαυτὸνζ
1256 3259 1268 3305 ΙΙ

189 3312 344 3357 *ἐγκατρι
367 3309 440 3349 ε’ξοι
461 3305 698 3354 (ἑγκαταλέξει
711 3307 772 3348 Β’)
794 3307 868 3339 libri
883 3306 896 3348 ΙΙ
917 3308 956 3339 15
974 3302 1171 3348 *διαμείνοι
1185 3305 1267 3347 ML,

191 3358 238 3390 B⁸
250 3368 282 3388 v.
296 3357 327 3396 1.,
342 3355 400 3388 Pr.
411 3366 503 3395 unus,
521 3350 684 3396 διαμένοι
696 3352 746 3384 Β8
761 3365 788 3385 υ.
800 3352 832 3392 l.,
846 3350 944 3383 APr.
956 3351 1020 3393 Ep.
1040 3349 1052 3393 ΙΙ
1067 3350 1130 3392 τῆς
1147 3347 1267 3383 τοιαύ-

189 3411 252 3442 της
265 3401 448 3443 LPr.Ep.]
468 3395 635 3440 τοιαύτης
648 3397 738 3430 MB·
759 3395 822 3438 τῆς
837 3393 946 3437 αὐτῆς
958 3396 988 3428 A
1010 3394 1080 3427 eius
1097 3406 1116 3430 ς
1131 3394 1144 3438 ΙΙ
1166 3397 1203 3428 17
1219 3394 1266 3438 ιβ’

190 3459 292 3490 mary.
312 3446 376 3478 AL
404 3449 416 3488 ΙΙ
446 3443 482 3477 εἴ
499 3445 585 3484 τινι]
610 3439 632 3484 ἢ
655 3441 691 3475 εἴ
706 3453 780 3474 τινι
803 3443 834 3474 A
852 3441 917 3484 Ep.
944 3440 957 3483 ΙΙ
987 3439 1183 3483 εἰρημένων
1208 3452 1266 3472 om.

191 3492 314 3525 Nom-”²
334 3489 347 3534 ss
375 3491 414 3524 18
440 3486 567 3534 ἐκγόνη
587 3489 630 3521 Β*
639 3488 760 3521 Nom.''¹
782 3485 795 3530 ΙΙ
819 3487 879 3518 καὶ
900 3486 1085 3527 προῖκα-
1101 3486 1141 3518 19
1154 3495 1268 3529 παρα-

191 3538 289 3577 σχεῖν
302 3548 360 3568 om.
372 3535 494 3568 Nom.’'¹
508 3534 519 3578 ΙΙ
538 3525 579 3568 1²9
591 3531 659 3575 τὴν
672 3529 838 3573 δύναμιν]
855 3528 923 3572 τὴν
936 3526 1033 3562 ἰδίαν
1046 3525 1202 3572 δύναμιν
1215 3530 1244 3562 A
1257 3527 1270 3574 ΙΙ

190 3578 281 3623 ὑπὲρ
302 3576 421 3622 αὐτῆς]
448 3575 539 3624 αὐτῇ
554 3579 603 3612 B⁸
621 3592 651 3610 υ.
667 3579 687 3611 l.
704 3578 716 3621 ΙΙ
735 3578 778 3611 20
792 3577 907 3617 ἐκείνη
931 3587 989 3608 om.
1003 3574 1062 3608 Pr.
1075 3575 1139 3618 Ep.
1158 3573 1171 3617 ΙΙ
1187 3584 1267 3607 συν-

193 3628 315 3667 αινέση
342 3625 389 3657 Βε
413 3638 440 3657 υ.
456 3625 487 3661 l..
507 3625 584 3667 Ερ.]
610 3624 811 3655 συναινέσει
836 3621 958 3661 MLA,
984 3620 1032 3653 Β*
1043 3632 1072 3652 υ.
1088 3620 1120 3659 L,
1145 3619 1267 3653 Nom-'7¹

192 3661 368 3717 συναρέσῃ
392 3670 446 3702 Pr.
477 3667 490 3714 ΙΙ
518 3666 721 3711 ἐπιλέξηται
739 3667 858 3700 MLB¹
870 3665 1004 3707 Nom-m]
1029 3662 1168 3710 διάγειν
1190 3665 1266 3699 ἐπι-

1335 2678 1479 2721 λέξηται
1491 2681 1544 2715 Ag
1558 2680 1613 2713 Pr.
1628 2680 1692 2723 Ep.
1710 2680 1723 2723 ΙΙ
1741 2680 1779 2713 21
1797 2691 1956 2712 numerum
1973 2675 2020 2712 ια’
2035 2680 2171 2723 apponit
2188 2678 2221 2711 A
2236 2678 2250 2722 ΙΙ
2266 2678 2298 2712 εἰ
2312 2675 2353 2712 δὲ
2369 2698 2410 2704 -

1336 2726 1378 2758 28
1402 2722 1685 2768 πλημμελήσασα
1709 2737 1767 2758 om.
1783 2724 1840 2757 Pr.
1861 2721 1956 2802 lbae]
1979 2725 2144 2769 μέντοιγε
2166 2723 2232 2766 Ερ.
2256 2723 2269 2767 ΙΙ
2293 2725 2412 2770 μέχρις

1335 2770 1457 2804 Νοηι.7η
1482 2773 1494 2811 ΙΙ
1509 2766 1630 2812 ἡλικία
1646 2769 1769 2803 Nom.m
1791 2769 1803 2808 ΙΙ
1822 2766 1844 2811 ἦ
1894 2768 2028 2814 υγάτηρ
2049 2770 2209 2813 γένηται]
2233 2766 2363 2814 φθάσῃ
2386 2764 2409 2811 ἦ

1334 2813 1502 2860 θυγάτηρ
1518 2815 1582 2857 Ερ.
1602 2814 1615 2858 ΙΙ
1631 2815 1674 2848 23
1698 2814 1818 2859 συμβῇ
1833 2814 1893 2855 Βῑ,
1918 2816 2073 2857 συμβαίη
2093 2831 2138 2837 -
2159 2814 2202 2847 26
2219 2813 2326 2846 τοῦτο
2349 2825 2408 2846 om.

1335 2859 1458 2894 Nom.⁷”
1465 2872 1519 2902 pr.
1538 2858 1551 2903 ΙΙ
1567 2861 1611 2893 24
1633 2856 1656 2901 ἢ
1680 2856 1762 2900 δίχα
1783 2877 1825 2882 -
1845 2860 1887 2892 25
1905 2857 2071 2899 συζεῦξαι
2094 2870 2152 2891 om.
2165 2857 2249 2890 LB·
2260 2857 2383 2892 Nema*
2397 2857 2410 2901 ΙΙ

1335 2905 1376 2937 25
1394 2905 1570 2950 μέντοιγε]
1594 2905 1717 2947 μέντοι
1730 2904 1794 2946 Ep.
1818 2904 1885 2946 μὲν
1898 2903 1958 2947 All
1982 2904 2024 2937 26
2041 2900 2252 2946 λογίζεσθαι
2274 2901 2320 2947 τῇ
2342 2900 2410 2934 &v-

1333 2950 1438 2994 γατρὶ
1454 2949 1485 2982 A
1515 2950 1568 2982 τῶ
1593 2943 1699 2993 ἀνδρὶ
1723 2946 1934 2993 λογίζεσθαι
1958 2947 2039 2990 L‘fl
2062 2947 2104 2981 28
2128 2945 2237 2979 τοῦτο
2260 2958 2318 2979 om.
2343 2946 2373 2979 A
2398 2949 2411 2990 ΙΙ

1335 2995 1377 3028 29
1402 2994 1432 3025 εἰ
1456 2990 1499 3026 δέ
1517 3004 1571 3027 τις
1595 2995 1623 3026 A
1648 2991 1706 3038 (ιγ’
1721 3005 1822 3035 marq.
1835 2994 1879 3034 A)
1897 2992 1910 3035 ΙΙ
1925 2994 2054 3034 μανείη
2069 2991 2124 3024 Pr.
2138 3003 2170 3024 υ.
2184 2992 2204 3024 1.
2222 2990 2235 3034 ΙΙ
2252 2991 2295 3025 30
2311 2986 2333 3033 ἢ
2349 2993 2412 3024 καί

1333 3048 1427 3071 τινες
1451 3039 1481 3071 A
1498 3038 1511 3081 ΙΙ
1529 3033 1642 3079 αύτῷ]
1667 3033 1789 3070 αὐτῶν
1812 3037 1862 3069 L⁰
1880 3040 1892 3080 ΙΙ
1909 3038 1948 3070 31
1976 3032 2087 3069 αὐτοῦ
2109 3047 2168 3068 om.
2181 3035 2231 3068 A‘
2249 3036 2261 3077 ΙΙ
2277 3036 2320 3070 33
2342 3036 2410 3078 μὲν

1334 3096 1392 3116 om.
1407 3084 1433 3115 A
1454 3082 1466 3125 ΙΙ
1482 3082 1544 3124 τῆς
1567 3095 1625 3116 om.
1651 3081 1700 3115 ΒΙ
1716 3082 1727 3124 ΙΙ
1746 3082 1788 3114 34
1812 3076 2003 3126 ἀπαλλαγῇ
2017 3081 2072 3114 Pr.
2091 3079 2104 3118 ΙΙ
2120 3077 2216 3113 ἔστω
2241 3080 2297 3114 Pr.
2306 3081 2410 3125 pleri-

1334 3140 1395 3171 que
1411 3126 1423 3171 ΙΙ
1441 3128 1484 3160 35
1507 3124 1713 3169 βουλομένω
1737 3127 1767 3158 Α

1381 3217 1401 3249 2
1418 3214 1609 3247 exheredem
1625 3213 1766 3246 dandam
1783 3213 1952 3246 licentiam
1968 3211 2089 3251 (danda
2104 3212 2241 3246 licentia
2259 3213 2319 3255 12²)
2343 3212 2376 3246 R
2398 3215 2414 3256 ΙΙ

1335 3261 1354 3294 3
1380 3259 1502 3301 aliquis
1525 3277 1567 3283 --
1592 3259 1613 3292 9
1637 3259 1699 3291 hoc
1722 3259 1833 3300 ipsum
1855 3270 1917 3291 scr.
1933 3256 1983 3290 Τει
2007 3259 2039 3290 in
2056 3270 2122 3291 ras.
2141 3260 2161 3292 6
2178 3271 2228 3291 vv.
2251 3258 2264 3301 ΙΙ
2293 3260 2314 3292 4
2338 3259 2408 3301 qni]

1335 3304 1468 3346 quidam
1496 3303 1543 3336 R*
1572 3302 1584 3346 ΙΙ
1612 3304 1632 3336 6
1656 3302 1830 3346 prohibuit
1858 3303 1993 3346 Vvuly.]
2030 3302 2240 3345 prohibuerit
2268 3303 2375 3346 RT(³)
2397 3302 2410 3348 ΙΙ

1336 3352 1353 3383 7
1371 3347 1548 3391 legatarios
1564 3348 1647 3389 (fieri
1666 3349 1741 3382 add.
1759 3349 1789 3381 T
1795 3348 1860 3390 pr.)
1884 3347 2018 3380 uolebat
2033 3347 2153 3381 habere
2174 3348 2245 3390 T(³)
2261 3347 2274 3393 ΙΙ
2294 3350 2334 3383 10
2349 3357 2409 3391 po-

1334 3393 1399 3426 sita
1419 3393 1466 3427 R¹
1485 3392 1497 3437 ΙΙ
1525 3395 1564 3427 14
1588 3394 1694 3426 minos
1713 3393 1744 3426 T
1750 3393 1761 3413 ¹
1785 3393 1939 3425 minimos
1957 3392 2004 3425 R·
2020 3391 2033 3436 ΙΙ
2050 3403 2084 3425 se
2110 3392 2167 3436 ΤΙΙ
2183 3392 2253 3426 fllia
2274 3393 2307 3427 V
2322 3392 2409 3426 filios

1335 3438 1383 3471 R·
1401 3438 1413 3481 u
1433 3438 1634 3471 nuntiauerit
1650 3438 1697 3470 R·
1717 3438 1729 3480 ΙΙ
1747 3439 1786 3471 15
1806 3438 1915 3470 forsan
1935 3438 1989 3479 ΤΙΙ
2015 3438 2057 3471 16
2081 3438 2207 3471 suerint
2230 3437 2286 3490 Τῇ
2308 3439 2346 3472 18
2360 3450 2407 3481 sq.

1335 3483 1390 3515 nel
1415 3484 1508 3526 nepti
1525 3502 1566 3508 —
1584 3482 1767 3516 substantie
1785 3493 1843 3515 sue
1867 3496 1925 3516 om.
1939 3483 1990 3515 12⁰
2007 3482 2019 3526 ΙΙ
2039 3485 2079 3518 19
2100 3485 2296 3516 concesserit
2314 3482 2379 3515 ΒΤ
2397 3481 2410 3526 ΙΙ

1335 3529 1375 3562 21
1391 3538 1494 3560 annos
1506 3528 1557 3560 Ra
1574 3528 1587 3571 ΙΙ
1604 3529 1645 3562 23
1659 3528 1838 3570 eontigerit
1855 3541 1913 3561 om.
1931 3527 1962 3561 Τ
1974 3528 1987 3571 ΙΙ
2005 3529 2048 3563 25
2065 3529 2108 3561 tuin
2130 3527 2218 3561 RT⁰
2233 3527 2246 3571 ΙΙ
2264 3529 2306 3562 27
2319 3537 2407 3560 oom-

1335 3574 1477 3606 mississe
1503 3573 1550 3606 Β*
1568 3574 1639 3616 1130
1664 3574 1705 3614 ei]
1730 3575 1777 3605 eis
1798 3573 1867 3606 ΒΤ
1887 3572 1958 3605 eius
1985 3573 2038 3616 Vn
2056 3575 2095 3608 31
2121 3572 2197 3605 aliis
2220 3572 2313 3606 RV¹
2330 3571 2343 3615 ΙΙ
2359 3572 2407 3604 eis

1343 3618 1393 3651 V·
1412 3618 1424 3660 ΙΙ
1448 3619 1490 3652 32
1515 3618 1586 3651 eius
1609 3631 1666 3652 om.
1682 3619 1714 3651 R
1732 3618 1745 3661 ΙΙ
1768 3619 1810 3650 33
1834 3617 2004 3661 prebuerit
2025 3618 2081 3663 Vn
2097 3627 2117 3651 a
2139 3617 2298 3650 talitanus
2323 3618 2373 3651 3⁰
2396 3617 2410 3662 Ι

1336 3665 1379 3698 34
1403 3665 1528 3706 utrum]
1553 3665 1666 3697 utrum
1690 3662 1720 3696 ei
1744 3662 1796 3696 R⁰
