2592 3840
269 74 377 118 Nov.
400 75 641 127 LXXXVII
660 88 720 130 pr.
755 77 774 116 1

269 185 420 230 σάμενος
443 185 618 233 βουληθῇ,
643 188 702 218 καὶ
718 186 748 218 εἰ
763 186 872 218 τοῦτο
893 183 1081 229 πράξαιεν,
1106 181 1234 217 ἄδειαν
1258 185 1350 225 ἔχειν

270 228 548 265 ἇποτάττεσθαι
573 234 632 264 καὶ
658 227 755 272 αὐτῷ
778 231 830 271 τῷ
851 227 1038 263 δύνασθαι
1061 228 1129 262 τὸν
1152 227 1353 272 μετάμελον

267 277 336 310 τὸν
361 279 421 309 ἐπὶ
444 280 520 310 ταῖς
543 275 726 309 τοιαύταις
748 272 897 319 δωρεαῖς
921 271 1187 307 ἀνακαλεῖσθαι
1210 276 1270 307 καὶ
1292 270 1352 308 οὓς

269 320 316 356 ἂν
341 321 554 363 βουληθεῖεν
570 318 672 363 ὅροι-ς
694 319 881 353 ἐντάττειν
902 323 977 353 ταῖς
992 317 1116 363 μόρτις
1139 319 1255 352 καῦσοι
1280 316 1349 352 δω-

268 371 378 410 ρεαῖς,
409 365 579 409 καθάπερ
599 363 790 399 Ἰουλιανὸς
819 361 839 397 ὁ
864 363 1074 409 σοφώτατος
1099 363 1350 407 ἐνομοθέτησε,

269 414 377 445 miro
409 408 499 455 ὅπερ
530 410 627 453 ἡμεῖς
656 411 696 443 ἐν
723 410 777 452 τῷ
810 408 870 443 λθ’
896 407 1030 453 βιβλίῳ
1060 410 1136 443 τῶν
1165 406 1350 454 ἡμετέρων

270 456 446 503 διγέστων
480 455 689 501 ἐγράψαμεν
725 453 889 495 (ἅπαντα
923 457 993 500 γὰρ
1028 451 1275 498 συνελάβομεν
1310 455 1349 487 ἐν

270 504 396 546 βραχεῖ
417 500 462 534 τά
487 514 525 534 τε
549 504 621 534 τοῖς
645 498 810 534 παλαιοῖς
829 500 876 533 τά
898 513 938 533 τε
958 497 1045 543 ἡμῖν
1061 497 1348 546 διηγορευμένα)“

268 548 377 580 τοῦτο
404 550 527 579 τοίνυν
560 544 689 579 εἰδότες
721 541 902 589 ᾠήθησαν
932 546 1061 590 χρῆναι
1095 544 1188 579 κατὰ
1218 545 1350 578 τοῦτον

1347 67 1432 126 424

1784 83 1844 114 DE
1872 81 2035 117 monus
2064 81 2207 115 CAUSA
2235 81 2492 115 DONATIONE

1420 183 1572 217 donator
1594 180 1764 222 voluerit,
1797 184 1833 216 et
1855 181 1885 216 si
1916 181 1986 216 boc
2015 183 2136 216 actum
2158 181 2284 223 fuerit,
2311 182 2493 218 licentiam

1421 228 1553 261 habere
1565 226 1769 262 renuntiare
1786 230 1822 260 et
1833 226 1902 261 hoc
1916 226 2033 270 ipsum
2046 236 2152 270 posse
2163 236 2227 271 per
2238 227 2492 271 paenitentiam

1420 271 1620 307 huiusmodi
1644 271 1869 307 donationem
1888 280 2057 306 revocare
2073 274 2109 306 et
2125 281 2213 316 quas
2237 271 2384 307 voluerit
2406 282 2491 307 con-

1419 317 1575 352 diciones
1599 318 1754 352 inserere
1774 315 1899 351 mortis
1923 325 2034 351 causa
2065 315 2333 358 donationibus,
2365 327 2492 352 secun-

1386 367 1405 397 5
1419 362 1503 397 dum
1527 362 1622 407 quod
1644 362 1802 397 Iulianus
1828 360 2109 405 sapientissimus
2124 361 2284 404 sancivit,
2306 361 2377 396 hoc
2399 362 2494 406 quod

1419 418 1484 442 nos
1508 407 1544 441 in
1575 407 1752 443 tricesimo
1785 412 1910 442 octavo
1939 406 2030 441 libro
2054 410 2257 441 nostrorum
2280 405 2494 450 digestorum

1419 452 1624 496 scripsimus
1648 452 1778 494 (omnia
1794 452 1886 486 enim
1908 451 2270 496 comprehendimus):
2294 451 2363 486 hoc
2385 451 2494 495 igitur

1419 498 1571 533 scientes
1586 496 1848 532 aestimavimus
1864 500 2028 540 oportere
2047 500 2083 531 et
2098 497 2293 532 secundum
2307 496 2403 531 hunc
2418 505 2494 530 mo-

1419 543 1502 578 dum
1533 542 1608 577 fieri
1639 542 1775 586 aliquas
1807 542 1930 577 mortis
1962 551 2072 576 causa
2095 541 2306 576 donationes
2329 544 2366 576 et
2387 539 2496 576 inseri

268 592 337 625 τὸν
360 590 499 635 τρόπον
522 591 714 624 ποιεῖσθαί
736 601 836 624 τινας
851 589 1108 645 μὶόρτιςικαῦσα
1132 587 1267 644 δωρεὰς
1290 591 1350 621 καὶ
1368 592 1405 624 10
1419 587 1590 632 placitum
1614 587 1808 622 secundum
1831 587 1942 630 legem
1966 586 2114 622 tollendi
2132 587 2182 621 eis
2205 586 2411 621 facultatem
2435 595 2495 620 flu-

270 637 458 670 ἐντιθέναι
489 635 688 680 σύμφωνον
717 635 810 668 κατὰ
841 648 909 669 τον
943 647 1059 678 νυμον
1093 636 1157 669 τοῦ
1189 637 1350 678 αναιρεῖν

270 683 406 715 ἑαυτοῖς
436 681 479 714 τὸ
510 679 697 714 δύνασθαι
728 680 795 714 τὸν
830 681 891 714 ἐπὶ
924 681 969 727 τῇ
1001 677 1120 723 δωρεᾷ
1151 678 1351 723 μετάμελον

270 724 552 766 ἀνακαλεῖσθαι,
584 723 695 759 ἄλλον
719 723 758 758 δὲ
780 721 869 769 ὅρον
894 722 1013 759 αὐτοῖς
1041 723 1217 759 δοκοῦντα
1249 735 1350 769 προς·

269 772 417 805 τιθέναι
448 770 596 804 ταύταις
626 773 704 804 ταῖς
740 768 905 814 δωρεαῖς,
943 771 1003 805 ἵνα
1040 767 1203 803 αὐτόθεν
1232 766 1352 803 αὐτοῖς

1420 643 1482 677 per
1501 632 1729 667 donationem
1749 632 2003 677 paenitentiam
2023 631 2221 674 revocandi,
2245 631 2352 666 aliam
2375 630 2496 665 autem

1422 677 1664 712 condicionem
1689 687 1780 720 quae
1804 676 1855 712 eis
1878 677 1997 729 placet
2025 676 2108 712 addi
2131 676 2208 712 istis
2233 675 2495 716 donationibus,

1420 724 1461 757 ut
1492 722 1621 757 exinde
1650 722 1706 756 his
1737 722 1843 757 liceat
1873 723 1994 756 tacere
2028 721 2236 756 donationes
2269 719 2501 756 revocatione-

1421 768 1549 803 liberas
1574 770 1610 803 et
1632 767 1683 802 ita
1706 777 1791 802 suas
1814 766 2021 802 imminuere
2043 766 2247 802 facultates.

271 815 387 859 δῆθεν
411 816 480 869 ἐξῆ,
497 816 685 849 ποιεῖσθαι
711 813 847 861 δωρεὰς
876 816 939 858 τῆς
959 812 1187 857 ἀνακλήσεως
1210 813 1350 849 ἐλευθέ-
1367 817 1407 848 15

270 873 332 907 ρας
354 865 415 895 καὶ
437 874 534 895 ουτω
554 860 618 894 τὰς
642 860 783 894 ἑαυτῶν
808 859 983 895 ἐλαττοῦν
1008 864 1220 905 περιουσίας.

1274 971 1430 1007 CAPUT
1454 970 1483 1006 Ι.

316 1044 487 1087 Καίτοιγε
511 1041 549 1082 ἐξ
571 1030 626 1075 ὧν
649 1038 717 1083 ἤδη
739 1038 1078 1085 νενομοθετήκαμεν
1095 1038 1211 1082 πάσης
1235 1040 1350 1073 αἰτίας

269 1083 493 1133 ἀνῃρημένης
516 1083 635 1120 αὐτοῖς
652 1088 717 1119 τοῦ
739 1085 849 1120 πλέον
870 1099 907 1119 τι
926 1083 1112 1119 δύνασθαι
1127 1085 1191 1119 τοῦ
1212 1097 1350 1130 τριουγ-

270 1137 348 1166 κίον
372 1131 394 1174 ἢ
417 1133 457 1166 ἐν
478 1129 639 1185 διαθήκῃ
655 1129 945 1186 καταλιμπάνειν
967 1129 989 1173 ἢ
1004 1130 1097 1164 κατὰ
1117 1127 1254 1174 δωρεᾶς
1269 1128 1350 1174 τρό-

1461 1037 1604 1073 Etenim
1628 1046 1671 1072 ex
1694 1036 1751 1072 his
1770 1045 1863 1082 quae
1879 1035 2012 1072 dudum
2035 1035 2250 1072 sancivimus
2268 1034 2365 1072 omni
2386 1042 2499 1070 causa

1419 1084 1561 1119 sublata
1593 1083 1643 1118 eis
1674 1082 1755 1127 plus
1786 1082 1921 1127 aliquid
1951 1092 2058 1126 posse
2087 1081 2204 1116 tribus
2235 1081 2350 1116 unciis
2374 1083 2438 1114 aut
2459 1079 2510 1114 in*

1419 1129 1632 1164 testamento
1649 1127 1848 1171 relinquere
1868 1130 1931 1162 aut
1948 1137 2013 1172 per
2029 1126 2231 1162 donationis
2251 1125 2394 1161 modum
2411 1124 2497 1160 alie-

271 1190 342 1212 πον
365 1178 566 1219 έκποιῆσαι,
591 1188 689 1220 ομως
712 1178 773 1210 ἱνα
796 1177 850 1210 ἔτι
874 1178 934 1209 καὶ
962 1173 1100 1218 μᾶλλον
1129 1171 1254 1209 αὐτῶν
1283 1174 1352 1217 τὴν
1364 1177 1407 1209 20
1419 1184 1525 1216 nare,
1557 1177 1676 1207 tamen
1699 1177 1739 1207 ut
1762 1171 1880 1207 adhuc
1905 1176 1941 1208 et
1964 1172 2074 1216 magis
2098 1181 2220 1207 eorum
2243 1169 2498 1214 malignitatem

270 1226 487 1268 κακουργίαν
507 1222 716 1263 παύσωμεν,
738 1221 797 1255 διὰ
821 1222 929 1255 τοῦτο
950 1223 1010 1254 καὶ
1025 1221 1094 1254 νῦν
1117 1220 1352 1263 θεσπίζομεν,

269 1265 397 1311 μηδενὶ
416 1266 589 1314 βουλευτῇ
610 1265 701 1311 μηδὲ
720 1266 812 1301 κατὰ
824 1265 949 1310 μόρτις
971 1267 1089 1299 καῦσοι
1103 1262 1247 1310 δωρεὰν
1267 1265 1353 1305 ἐξεῖ-

270 1326 331 1347 ναι
361 1310 567 1358 δωρεῖσθαί
594 1325 648 1353 τι,
681 1311 778 1355 πλὴν
801 1308 824 1354 ἢ
847 1310 963 1353 μόνον
993 1310 1086 1344 κατὰ
1113 1314 1354 1356 προγαμιαίας

271 1356 407 1404 δωρεᾶς
429 1356 570 1402 τρόπον
585 1354 675 1411 ὑπὲρ
691 1357 796 1403 σφῶν
818 1353 941 1390 αὐτῶν
965 1353 987 1399 ἢ
1004 1356 1082 1389 τῶν
1104 1356 1248 1389 οἰκείων
1271 1358 1353 1390 παί-

1421 1228 1698 1263 compescamus,
1723 1217 1901 1252 sancimus
1925 1217 2014 1252 nulli
2037 1216 2163 1252 curiali
2182 1225 2299 1260 neque
2318 1225 2383 1260 per
2403 1224 2498 1250 mor-

1418 1265 1466 1299 tis
1490 1273 1600 1299 causa
1624 1262 1852 1298 donationem
1879 1262 1987 1298 licere
2009 1261 2143 1298 donare
2165 1260 2315 1306 aliquid,
2345 1259 2417 1296 nisi
2439 1269 2498 1296 so-

1420 1311 1493 1345 lum
1523 1319 1588 1354 per
1618 1312 1701 1342 ante
1732 1307 1876 1352 nuptias
1906 1307 2108 1344 donationis
2131 1306 2274 1342 modum
2297 1315 2362 1350 pro
2386 1307 2499 1341 semet

1420 1354 1506 1398 ipsis
1530 1357 1593 1388 aut
1612 1353 1767 1398 propriis
1791 1352 1872 1387 filiis
1897 1353 2027 1394 factae,
2051 1354 2115 1388 aut
2133 1362 2198 1397 per
2219 1351 2313 1386 dotis
2337 1349 2498 1386 occasio-

271 1401 349 1458 ὄζων
371 1405 573 1449 γινομένης,
603 1416 625 1445 η
650 1402 741 1436 κατὰ
767 1401 914 1447 προικὸς
937 1399 1124 1455 πρόφασιν
1147 1397 1238 1434 καθ’
1265 1397 1353 1434 ὅσον
1365 1402 1408 1435 25
1421 1410 1501 1435 nem
1525 1398 1719 1434 secundum
1744 1398 1978 1443 quantitatem
2001 1401 2042 1432 ut
2072 1402 2196 1433 nostra
2219 1396 2306 1431 dicit
2327 1395 2498 1431 constitu-

271 1462 293 1491 η
318 1450 471 1493 ημετέρα
501 1446 592 1493 λέγει
615 1445 778 1488 διάταξις
805 1450 865 1480 καὶ
887 1447 1118 1493 θυγατρασιν
1148 1443 1354 1480 ἐπιδιδόναι

270 1496 517 1540 γαμουμέναις.
574 1495 750 1539 ἐπείτοιγε
780 1490 896 1526 ἄλλως
929 1488 1057 1526 αὐτοὺς
1085 1490 1134 1535 μὴ
1166 1489 1354 1525 δύνασθαι

273 1537 475 1584 δωρεῖσθαι
495 1537 707 1590 ἱπράγματα
745 1534 916 1580 ἀκίνητα,
953 1533 1042 1570 ἀλλὰ
1078 1537 1195 1570 ταῦτα
1230 1538 1353 1580 μένειν

283 1581 293 1594 ³
319 1588 327 1596 x
432 1580 441 1593 7

273 1597 328 1618 αει
352 1596 444 1637 παρ’
462 1586 580 1617 αυτοῖς
602 1587 679 1617 ταῖς
703 1582 944 1625 βουλευτικαῖς
958 1579 1175 1625 ὑποκείμενα
1199 1579 1351 1626 λειτουρ-

1420 1445 1470 1480 tio
1503 1446 1539 1479 et
1569 1443 1710 1478 filiabus
1747 1443 1910 1478 conferre
1946 1442 2181 1486 nubentibus3
2217 1450 2370 1486 namque
2394 1440 2499 1476 aliter

1421 1500 1482 1525 eos
1503 1500 1573 1524 non
1594 1498 1701 1533 posse
1721 1489 1854 1524 donare
1871 1498 1928 1523 res
1947 1487 2154 1529 immobiles,
2179 1486 2243 1523 sed
2266 1488 2330 1522 has
2353 1495 2500 1521 manere

1422 1544 1560 1580 semper
1594 1533 1690 1579 apud
1726 1543 1786 1569 eos
1819 1533 1938 1570 curiae
1973 1533 2152 1569 subiectas
2183 1529 2498 1576 administrationi·

1420 1581 1504 1622 bus,
1537 1579 1614 1614 sola
1645 1579 1696 1614 eis
1727 1578 1930 1614 venditione
1956 1578 2111 1619 indulta,
2141 1581 2177 1612 et
2203 1578 2283 1622 ipsa
2305 1575 2499 1613 secundum

271 1632 374 1683 γίαις,
398 1639 514 1683 μονηςχ
533 1625 651 1680 αὐτοῖς
674 1629 737 1671 τῆς
759 1628 926 1680 wodestoc
945 1629 1269 1679 gvyxexwpvme'vns,
1293 1628 1352 1659 καὶ
1365 1629 1409 1661 30
1422 1625 1582 1661 novellae
1605 1627 1747 1659 nostrae
1771 1623 2038 1659 constitutionis
2063 1622 2356 1659 observationem.
2403 1621 2500 1657 Mor-

272 1684 404 1716 ταυτης
426 1686 520 1708 κατα
543 1687 611 1716 την
634 1674 697 1716 τῆς
720 1684 849 1717 νεαρας
882 1685 986 1715 ημων
1018 1670 1215 1712 διατάξεως
1238 1683 1353 1715 παρα-

272 1718 434 1763 τήρησιν.
469 1719 548 1752 τῶν
562 1717 686 1762 μόρτις
701 1719 817 1751 καῦσοι
834 1715 983 1762 δωρεῶν
999 1717 1156 1759 ἐχουσῶν
1171 1716 1240 1759 τὴν
1256 1714 1355 1750 ἰδίαν

273 1763 386 1807 ἰσχύν,
423 1766 483 1798 καὶ
518 1761 731 1806 δυναμένων
762 1763 840 1797 τῶν
871 1761 994 1796 ἄλλων
1027 1762 1105 1795 τῶν
1137 1760 1236 1806 παρὰ
1273 1760 1355 1795 τοὺς

273 1807 463 1852 βουλευτὰς
487 1808 676 1843 ποιεῖσθαι
699 1806 763 1841 τὰς
787 1809 972 1852 εἰρημένας
990 1805 1114 1852 μόρτις
1137 1807 1254 1840 καῦσα
1286 1804 1355 1840 δω-

273 1854 355 1900 ρεὰς
377 1855 425 1888 εἰς
449 1850 542 1900 ἅπερ
571 1850 616 1887 ἂν
639 1852 854 1908 βαυληθεῖεν
882 1851 1058 1898 πρόςωπα
1082 1854 1142 1885 καὶ
1166 1847 1268 1897 ὅρους
1292 1848 1352 1884 αὖ·
1368 1854 1410 1887 35

273 1903 351 1933 ταῖς
374 1899 562 1934 ἐντιθέναι
585 1902 646 1932 καὶ
669 1898 958 1939 αποτάττεσθαι,
982 1897 1019 1931 εἴ
1035 1909 1075 1943 γε
1099 1899 1207 1930 τοῦτο
1231 1895 1355 1940 βουλη-

274 1945 388 1983 θεῖεν,
411 1946 464 1987 τῷ
488 1943 677 1988 μεταμέλῳ
701 1945 755 1986 τῷ
781 1946 864 1999 περὶ
886 1944 951 1996 τοῦ
968 1941 1164 1995 συμφωνρυ
1186 1942 1250 1984 τῆς
1272 1938 1359 1976 ἀνα-

273 1989 449 2033 κλήσεως·
472 1993 596 2033 μένειν
618 1991 745 2033 μέντοι
767 2001 810 2023 το
829 2001 979 2034 πραγμα
1002 1990 1063 2020 καὶ
1085 1997 1201 2021 ουτως
1225 1988 1265 2021 ἐν
1287 1990 1362 2021 τοῖς

326 2094 353 2114 υ.
371 2082 385 2114 1
401 2093 449 2124 sq.
477 2087 694 2124 argumentum
715 2087 844 2113 notatur
869 2075 927 2111 ΒΣ
942 2079 997 2120 47,
1010 2086 1037 2119 3,
1051 2085 1098 2113 48.

1421 1671 1467 1706 tis
1492 1679 1602 1705 causa
1633 1669 1886 1704 donationibus
1909 1668 2124 1704 habentibus
2152 1667 2333 1722 propriam
2355 1666 2497 1702 fortitu-

1423 1716 1560 1757 dinem,
1597 1718 1632 1749 et
1667 1714 1866 1750 valentibus
1901 1714 1978 1749 aliis
2013 1723 2118 1758 quam
2154 1712 2348 1748 cunalibus
2378 1711 2499 1748 faeere

1423 1760 1625 1806 praedictas
1649 1759 1773 1795 mortis
1799 1769 1908 1794 causa
1931 1758 2141 1794 donationes
2164 1758 2202 1793 in
2218 1768 2306 1803 quas
2323 1757 2500 1792 voluerint

1450 1815 1596 1841 ersonas
1626 1808 1663 1840 et
1686 1804 1912 1840 condiciones
1936 1804 1986 1839 eis
2010 1803 2167 1839 inserere
2197 1807 2233 1838 et
2254 1811 2437 1845 recusare,
2467 1801 2499 1837 si

1450 1862 1494 1886 oc
1525 1850 1718 1891 voluerint,
1753 1849 2006 1895 paenitentiam
2039 1848 2084 1884 de
2118 1848 2250 1893 placito
2281 1846 2497 1891 revocand03

1424 1905 1566 1931 manere
1598 1895 1736 1940 quidem
1767 1904 1912 1931 causam
1944 1897 1980 1929 ot
2009 1893 2060 1929 ita
2089 1893 2127 1928 in
2156 1893 2280 1929 mortis
2304 1902 2413 1929 causa
2435 1891 2498 1928 do-

270 2136 2499 2151 ,ρῳ-Μ

274 2181 344 2217 que
376 2167 535 2204 donator
565 2168 736 2211 voluerit,
772 2172 882 2214 atque
912 2167 944 2202 si
975 2167 1038 2213 qui
1070 2166 1140 2203 hoc
1169 2166 1326 2212 fecerint
1362 2165 1470 2201 licere
1502 2166 1610 2202 etiam
1644 2164 1856 2201 renuntiare
1885 2163 1959 2210 ipsi
1988 2162 2163 2208 facultati
2196 2173 2247 2199 ex
2272 2162 2502 2210 paenitentia

274 2214 452 2251 eiusmodi
478 2213 693 2249 donationes
723 2212 919 2249 revocandi
949 2219 984 2248 et
1014 2222 1258 2264 quascumque
1288 2211 1465 2246 voluerint
1488 2210 1719 2246 condiciones
1745 2208 2004 2245 donationibus
2026 2208 2154 2244 mortis
2175 2218 2287 2244 causa
2309 2207 2500 2250 inserendi,

277 2258 576 2306 quemadmodum
601 2257 770 2294 Iulianus
794 2259 850 2293 vir
864 2257 1152 2310 sapientissimus
1174 2256 1311 2299 statuit,
1336 2255 1375 2291 id
1390 2255 1487 2302 quod
1510 2267 1577 2291 nos
1600 2256 1636 2290 in
1664 2255 1848 2302 triqesimo
1871 2264 1969 2289 nono
1993 2253 2087 2289 libro
2114 2252 2336 2299 diqestorum
2358 2257 2500 2290 nostro-

275 2316 355 2341 rum
380 2305 666 2356 perscripsimus
699 2304 834 2345 (omnia
857 2314 949 2338 emm
974 2302 1128 2338 breviter
1151 2302 1335 2348 complexi
1356 2312 1491 2343 sumus,
1519 2311 1600 2336 cum
1624 2311 1717 2346 quac
1739 2311 1762 2335 a
1786 2298 1963 2335 veteribus
1994 2302 2068 2334 tum
2092 2309 2191 2378 guae
2214 2308 2237 2333 a
2265 2297 2369 2334 nobis
2392 2301 2501 2334 cauta

235 2349 240 2355 ’
274 2353 392 2392 surio:
426 2349 495 2384 hoc
518 2349 633 2396 iqitur
656 2359 736 2384 cum
759 2349 911 2390 seirent,
944 2347 1242 2383 existimaverunt
1266 2346 1316 2381 ad
1336 2357 1416 2382 eum
1439 2346 1584 2382 modum
1608 2344 1784 2391 quasdam
1807 2344 1934 2380 mortis
1958 2354 2070 2379 causa
2117 2343 2305 2378 ouationes
2333 2343 2403 2379 sibi
2425 2353 2502 2379 esse

274 2395 470 2442 faciendas
501 2399 537 2430 et
564 2394 794 2430 inserendum
823 2393 1018 2428 secundum
1051 2393 1163 2439 teqem
1192 2392 1386 2439 placitum,
1419 2402 1491 2438 quo
1522 2391 1592 2427 sibi
1623 2391 1713 2437 ipsis
1733 2393 1948 2438 potestatem
1975 2389 2168 2434 auferrent
2190 2387 2420 2424 donationem
2451 2399 2501 2425 σω

275 2440 503 2487 paenitentia
534 2439 731 2475 revocandi
760 2438 943 2484 aliamque
966 2437 1212 2473 condiclonem
1244 2437 1276 2473 si
1305 2448 1399 2483 quae
1428 2437 1519 2483 ipsis
1542 2436 1711 2484 placeret
1741 2435 1797 2471 liis
1819 2433 2073 2470 donationibus
2095 2431 2271 2478 addendi,
2302 2437 2345 2470 ut
2364 2432 2503 2470 scilicet

277 2486 375 2521 ultro
400 2485 523 2520 liceret
546 2484 592 2519 iis
615 2484 833 2519 donationes
857 2495 880 2518 a
904 2483 1136 2519 revocatione
1160 2482 1292 2517 liberas
1313 2482 1441 2526 facere
1464 2482 1587 2528 itaque
1610 2480 1830 2516 substantias
1851 2483 1939 2515 suas
1961 2479 2177 2515 imminuere.

420 2530 449 2565 Ι.
497 2529 723 2575 Quamquam
753 2534 871 2564 autem
899 2539 967 2574 per
998 2539 1042 2564 ea
1073 2539 1167 2573 quae
1198 2528 1270 2562 iam
1300 2527 1490 2562 sanximus
1522 2526 1638 2562 omnis
1668 2536 1779 2561 causa
1809 2524 1857 2560 iis
1885 2524 2029 2560 sublata
2059 2528 2114 2560 est
2142 2523 2241 2559 ultra
2274 2527 2348 2560 tres
2375 2523 2503 2560 uncias

279 2576 472 2622 quicquam
506 2574 563 2610 vel
594 2574 633 2608 in
670 2579 881 2609 testamento
917 2572 1146 2618 relinquendi
1181 2572 1236 2608 vel
1261 2583 1330 2618 per
1361 2571 1593 2607 donationem
1628 2569 1831 2612 alienandi,
1868 2573 1985 2605 tamen
2016 2574 2058 2605 ut
2087 2569 2195 2605 etiam
2228 2569 2347 2616 maqt's
2378 2579 2502 2605 eorum

278 2620 432 2667 fraudes
481 2620 685 2661 erimamus,
705 2623 904 2665 propterea
922 2628 1018 2653 nunc
1034 2628 1178 2663 quoque
1192 2618 1386 2658 sancimus,
1410 2617 1502 2652 nulli
1517 2616 1649 2652 curiali
1671 2626 1716 2651 ne
1730 2626 1802 2662 per
1817 2616 1934 2662 ipsam
1951 2613 2094 2660 quidem
2114 2614 2240 2650 mortis
2259 2623 2372 2650 causa
2392 2613 2502 2650 dona·

280 2666 410 2700 tionem
434 2631 573 2700 dybnare
620 2665 787 2710 uicquam
814 2663 920 2698 licere
944 2663 1015 2698 nisi
1032 2673 1105 2708 per
1128 2662 1271 2697 modum
1295 2663 1403 2696 unius
1425 2665 1509 2697 ante
1531 2661 1679 2708 nuptias
1699 2660 1908 2696 donationis
1927 2669 2000 2706 pro
2023 2669 2062 2695 se
2084 2660 2174 2706 ipsis
2196 2662 2262 2694 aut
2284 2658 2405 2695 liberis
2424 2659 2502 2695 suis

278 2709 485 2756 faciendae,
509 2709 565 2744 vel
609 2709 678 2743 otis
701 2719 813 2744 causa
832 2708 869 2742 in
887 2711 1060 2753 quantum
1085 2712 1211 2742 nostra
1232 2707 1441 2742 constitutio
1465 2708 1572 2742 etiam
1590 2706 1739 2751 filiabus
1762 2704 1977 2741 nubentibus
1998 2715 2076 2739 eam
2092 2704 2182 2740 dare
2192 2703 2390 2756 permittit.
2431 2703 2503 2740 Ne-

306 2766 351 2790 ue
374 2755 467 2790 enim
492 2754 599 2790 aliter
622 2764 684 2789 eos
705 2753 844 2788 donare
866 2763 925 2788 res
948 2751 1144 2787 immobiles
1161 2762 1291 2798 posse,
1325 2762 1445 2787 verum
1468 2750 1536 2787 lias
1566 2762 1639 2787 sem
1667 2761 1706 2786 er
1738 2749 1839 2796 apud
1860 2760 1922 2784 eos
1944 2759 2089 2785 manere
2120 2747 2318 2784 cunalibus
2346 2749 2502 2784 muneri·

281 2766 347 2836 gas
371 2799 571 2836 obnoaeias:
602 2799 654 2834 ita
678 2806 718 2833 ut
740 2798 820 2833 sola
845 2797 1000 2832 venditio
1024 2797 1070 2831 iis
1093 2807 1265 2832 concessa
1288 2796 1352 2838 sit,
1384 2806 1497 2842 eaque
1519 2806 1627 2831 secun
1656 2806 1714 2830 um
1739 2793 1901 2831 novellae
1923 2798 2071 2829 nostrae
2093 2792 2360 2829 constitutionis
2382 2793 2502 2830 obser-

281 2845 475 2882 vationem·
519 2844 680 2879 Ceterum
701 2843 828 2878 mortis
851 2853 962 2877 causa
987 2841 1199 2876 donationes
1230 2842 1297 2876 vim
1320 2852 1424 2875 suam
1446 2840 1620 2883 habeant,
1652 2840 1829 2885 liceatque
1859 2839 1987 2874 ceteris
2043 2842 2165 2873 raeter
2193 2837 2350 2873 curiales
2375 2839 2503 2875 mortis

283 2901 394 2926 causa
417 2888 629 2924 donationes
659 2898 751 2934 quas
774 2887 934 2923 dtoeimus
962 2887 1000 2921 in
1024 2896 1267 2932 quascumque
1298 2886 1477 2921 voluerint
1503 2896 1684 2932 personas
1734 2894 1838 2919 acere
1866 2887 1902 2918 et
1932 2893 2000 2918 con
2026 2882 2161 2918 iciones
2190 2881 2314 2918 iisdem
2344 2883 2503 2922 inserere

283 2940 329 2979 et,
351 2936 385 2970 si
405 2934 475 2970 hoc
498 2934 686 2974 voluerint,
708 2933 952 2979 paenitentiae
976 2930 1020 2966 de
1043 2930 1246 2966 revocando
1265 2931 1402 2977 placito
1427 2930 1647 2967 renuntiare.
1732 2940 1769 2965 es
1793 2932 1911 2964 autem
1933 2928 1986 2963 sic
2006 2937 2150 2973 quoque
2173 2928 2210 2962 in
2232 2927 2504 2966 condicionibus

353 3027 368 3060 1
394 3024 437 3066 ei]
468 3023 516 3057 εἰς
541 3024 570 3057 L
600 3022 613 3059 ΙΙ
641 3023 700 3065 leq.
726 3019 922 3065 πράξειενῖ
949 3021 962 3065 fl
992 3022 1013 3055 2
1037 3018 1137 3063 αὐτῷ
1161 3022 1216 3063 τῷ
1241 3020 1359 3063 L(Bf‚

284 3072 348 3104 hoc
370 3071 479 3112 ipsum
503 3070 547 3110 ς)]
572 3065 671 3109 αὐτῷ
696 3066 739 3100 τὸ
756 3067 801 3100 Μ
829 3063 927 3109 αὐτῷ
953 3066 1008 3099 ΒΡ
1024 3065 1037 3109 ss
1062 3067 1081 3099 3
1106 3067 1167 3099 ἐπὶ
1190 3068 1267 3099 ταῖς
1287 3077 1360 3098 τοι-

285 3112 410 3150 αύταις
439 3111 600 3157 δωρεαῖς]
637 3112 827 3145 huiusmodi
851 3111 1063 3144 donationem
1087 3123 1107 3147 ς
1134 3111 1146 3154 ΙΙ
1175 3107 1360 3144 ἀνακαλεῖ-

285 3161 379 3195 σθαι
393 3179 435 3185 -
448 3161 468 3193 4
481 3156 631 3203 δωρεαῖς
654 3171 711 3190 om.
727 3159 757 3190 L
774 3157 786 3199 ΙΙ
809 3153 881 3198 οὓς]
905 3153 1032 3189 ἄλλους
1054 3152 1113 3190 οὓς
1134 3156 1188 3189 Bv
1205 3156 1217 3199 ΙΙ
1235 3157 1256 3189 4
1278 3158 1361 3199 βου-

287 3205 445 3249 ληθεῖεν]
477 3204 621 3238 voluerit
645 3214 664 3240 ς
698 3201 896 3246 βουληθείη
915 3202 1090 3234 ΗείνηὸασΙι
1115 3202 1170 3245 (cf
1192 3204 1238 3234 ad
1252 3214 1280 3234 υ.
1297 3204 1326 3243 1)
1350 3201 1362 3245 ΙΙ

286 3248 533 3286 ἐντάττεσθαι
563 3249 598 3282 Β
628 3248 641 3291 ΙΙ
675 3251 694 3282 5
729 3246 933 3291 ένομισθηῗ
963 3247 1013 3279 L⁰
1045 3246 1057 3289 ΙΙ
1090 3247 1110 3279 6
1143 3243 1224 3287 λθ’]
1263 3246 1361 3278 trice-

286 3298 370 3330 simo
394 3298 509 3330 octavo
533 3306 562 3331 ς.
608 3294 690 3338 Dio.
704 3295 759 3334 39,
776 3300 849 3329 6,13
875 3292 887 3331 ΙΙ
917 3294 935 3325 7
950 3304 996 3347 ⁸2·
1023 3291 1063 3323 έν
1085 3292 1269 3335 βραχεῖ-
1287 3287 1361 3333 διη-

285 3343 481 3389 γορευμένα
505 3353 562 3373 om.
588 3351 607 3376 ς
636 3338 648 3383 ΙΙ
675 3341 695 3372 9
717 3338 836 3371 ταῦτα
860 3338 891 3370 L
914 3337 927 3379 ΙΙ
957 3334 1138 3379 φήθησαν
1156 3336 1212 3377 Μ]
1237 3331 1360 3378 ὠήθη-

286 3400 354 3430 μεν
379 3387 469 3423 LB5
496 3386 508 3429 Ι]
537 3383 641 3426 κατὰ]
673 3386 706 3416 et
728 3383 907 3416 secundum
929 3393 948 3418 ς·
975 3382 988 3426 Ι]
1020 3383 1056 3415 11
1085 3379 1285 3421 ἐντιθέναι]
1309 3381 1361 3413 in—

286 3434 350 3466 seri
374 3445 394 3469 ς
412 3432 424 3476 ΙΙ
440 3431 532 3464 *τοῦ
557 3428 722 3474 ἀναιρεῖν
743 3429 862 3472 scripsi
877 3440 916 3462 et
932 3429 962 3468 ς]
987 3425 1029 3460 τὸ
1054 3421 1218 3470 ἀναιρεῖν
1242 3426 1360 3467 MLB,

286 3477 328 3511 τὸ
354 3476 531 3522 ἀναιροῦν
556 3475 751 3509 Haloander
778 3473 790 3517 ΙΙ
821 3473 862 3507 12
894 3467 1014 3505 αὐτοῖς
1039 3472 1067 3504 L
1100 3470 1105 3513 1
1148 3472 1188 3505 13
1219 3481 1359 3514 προςτι-

285 3523 408 3563 θέναι]
434 3522 511 3554 addi
535 3521 581 3564 5ss
602 3522 642 3555 15
661 3517 780 3563 δῆθεν
803 3531 861 3552 om.
875 3530 894 3554 ς
909 3516 922 3562 ΙΙ
944 3519 984 3551 19
1001 3528 1093 3550 κατα
1131 3513 1290 3558 μπάνειν
1304 3517 1360 3557 Μ]

285 3566 497 3601 καταλιπεῖν
514 3567 544 3600 L
559 3566 572 3608 11
592 3566 635 3600 20
659 3565 714 3598 ἔτι
737 3566 797 3598 καὶ
813 3564 882 3605 Me]
905 3564 965 3596 καὶ
991 3575 1048 3596 om.
1064 3561 1095 3595 L
1111 3562 1122 3603 ΙΙ
1143 3562 1179 3595 21
1206 3557 1359 3594 παύσαι-

284 3626 351 3655 μεν
378 3614 406 3646 L
422 3613 434 3651 ΙΙ
460 3609 521 3645 διὰ
544 3611 652 3645 τοῦτο
676 3612 736 3643 καὶ
759 3609 827 3643 νῦν
851 3622 909 3642 om.
935 3620 954 3644 ς
970 3607 983 3651 ΙΙ
1013 3608 1054 3641 25
1100 3608 1263 3649 ινομένας
1288 3606 1329 3638 Μ
1349 3605 1361 3651 ΙΙ

285 3654 380 3690 καθ’
407 3653 508 3698 ὅσον]
531 3656 712 3690 secundum
736 3654 956 3697 quantitatem
982 3656 1019 3686 ut
1043 3619 1097 3696 σῇ
1118 3653 1160 3686 26
1185 3648 1359 3694 διάταξις]

1418 3021 1492 3064 suit
1516 3021 1594 3054 Cod.
1610 3022 1663 3062 10,
1675 3027 1721 3061 34,
1735 3027 1768 3058 4;
1792 3020 1834 3063 qs.
1862 3019 2026 3061 Krueqeri
2049 3019 2157 3050 adnot.
2188 3017 2200 3059 ΙΙ
2227 3017 2270 3051 30
2292 3013 2418 3060 μόνοις
2441 3014 2503 3052 αὖ·

1427 3065 1490 3107 τῆς
1512 3066 1543 3098 L
1562 3065 1574 3109 Ι]
1591 3066 1629 3099 31
1657 3063 1786 3142 νεαρᾶς
1808 3060 1913 3107 ἡμῶν
1936 3059 2143 3102 διατάξεως]
2158 3063 2231 3105 fuit
2246 3063 2325 3097 cod.
2341 3065 2393 3104 10,
2406 3071 2452 3106 34,
2465 3073 2506 3113 ὃς,

1428 3111 1470 3154 cf.
1496 3122 1566 3143 nov.
1593 3110 1711 3143 XXX
1748 3109 1869 3152 Illpr.
1886 3109 1906 3150 §
1921 3115 1937 3142 2
1956 3107 1969 3152 ss
1985 3109 2027 3142 35
2053 3103 2179 3140 αὐτοὺς
2204 3108 2234 3141 L

1488 3245 1504 3278 1
1530 3243 1668 3276 donatos
1689 3243 1720 3276 V
1745 3242 1758 3286 ΙΙ
1786 3243 1805 3277 3
1831 3243 1864 3274 et
1888 3242 2035 3285 KrieyeI]
2059 3243 2108 3274 set
2129 3241 2160 3274 V
2184 3241 2197 3285 ΙΙ
2224 3241 2416 3275 conditione
2440 3239 2504 3289 V}

1430 3291 1448 3322 7
1473 3288 1565 3321 omni
1586 3288 1641 3332 17]]
1665 3286 1984 3330 comprehendimus]
2008 3287 2043 3318 in
2067 3286 2157 3320 brevi
2181 3289 2214 3320 et
2237 3298 2257 3319 a
2279 3286 2447 3320 veteribus
2470 3290 2504 3321 et

1428 3345 1448 3367 a
1471 3333 1567 3367 nobis
1591 3333 1727 3366 definita
1752 3334 1829 3367 add.
1845 3332 1968 3375 Beckl]
1991 3334 2011 3366 9
2035 3331 2224 3365 donationis
2243 3331 2298 3376 V!
2325 3332 2367 3367 12
2389 3331 2503 3365 addidi

1437 3379 1475 3421 V,
1492 3392 1574 3412 corr.
1591 3378 1753 3422 Krieqelss
1780 3378 1819 3412 13
1844 3387 1999 3410 reuocare
2022 3377 2058 3417 V,
2082 3388 2101 3410 a
2122 3376 2331 3410 revocatione
2343 3377 2480 3420 Krieqot
2488 3376 2502 3421 ΙΙ
2550 3411 2551 3414 ,

1432 3426 1470 3459 Π
1486 3424 1574 3457 enim
1595 3424 1648 3458 V⁰
1665 3423 1678 3469 u
1697 3424 1737 3459 18
1750 3422 1869 3464 tribus]
1887 3433 1906 3455 a
1926 3422 2032 3455 tribus
2053 3422 2109 3466 Vn
2125 3424 2234 3455 autem
2247 3422 2284 3454 in
2300 3421 2358 3467 Vll
2375 3423 2416 3456 20
2433 3430 2507 3463 mar

1428 3470 1582 3512 lignitate
1599 3478 1859 3514 compesoeamus
1878 3467 1911 3500 V
1921 3467 1933 3510 ΙΙ
1952 3469 1991 3501 21
2010 3467 2152 3513 <ideireo
2168 3470 2201 3500 et
2216 3465 2323 3510 nuno>
2337 3467 2502 3501 sancimus

1432 3515 1567 3558 Krieqqel
1583 3515 1594 3558 ΙΙ
1613 3514 1711 3556 nulli]
1735 3514 1772 3547 in
1790 3512 1851 3546 illa
1872 3513 1904 3546 V
1917 3512 1929 3557 ΙΙ
1953 3514 1996 3546 24
2020 3513 2125 3546 factae
2144 3513 2290 3556 Krieqel]
2314 3511 2418 3546 factas
2439 3508 2505 3554 Vl

1430 3562 1471 3595 25
1486 3561 1706 3602 quantitatem
1723 3561 1772 3602 ut]
1797 3561 1957 3601 quantum
1973 3558 2065 3592 Beck
2083 3559 2095 3603 ΙΙ
2112 3559 2154 3592 26
2166 3557 2251 3591 alter
2271 3556 2326 3601 Vfl
2343 3557 2386 3591 32
2403 3565 2502 3598 quam

1428 3605 1610 3639 curialibus
1642 3605 1749 3638 facere
1779 3603 1963 3647 praedictas
1988 3604 2136 3647 Krieqel]
2171 3612 2255 3645 quae
2281 3612 2301 3634 a
2321 3600 2503 3635 curialibus

1428 3651 1500 3685 fieri
1520 3651 1697 3694 praedictis
1719 3650 1775 3694 Vll
1803 3650 1845 3684 35
1870 3649 2075 3682 *revocandi
2095 3648 2128 3682 V
