2476 3854
129 71 238 118 Nov.
262 71 484 117 CXXVIII
515 75 578 117 16.
614 77 666 117 17

127 187 217 229 μίαν
241 183 428 220 παντελῶς
452 185 543 220 εἶναι
565 183 692 220 ἄδειαν
711 188 785 220 τοῖς
805 186 883 220 τῶν
902 183 1085 230 δημοσίων
1105 183 1211 222 ἀπαι-

127 233 252 273 τηταῖς
275 232 526 265 ἐπικοινωνεῖν
557 234 630 265 τοῖς
651 230 842 276 χρήμασιν,
872 228 979 265 ἅτινα
1004 235 1076 266 τοῖς
1099 233 1124 265 ἔ

127 277 187 309 καὶ
219 279 421 310 σιτωνικοῖς
455 276 532 310 τῶν
566 274 713 310 πόλεων
746 274 827 319 ἦτοι
857 272 1008 323 ἀγωγοῖς
1037 274 1061 320 ἢ
1092 246 1210 312 ἄλλοις

127 318 351 363 οἱοιςδήποτο
385 320 582 364 σολεμνίοις
612 317 634 363 ἢ
667 319 849 366 σαλαρίοις
880 318 1162 367 ἄφωρίσθησαν,
1187 319 1210 366 ἢ

127 368 374 411 παρακρατεῖν
397 378 433 399 τι
458 365 497 405 ἐξ
520 361 644 399 αὐτῶν
666 363 689 409 ἢ
712 366 759 400 εἰς
781 364 875 400 ἴδιον
891 365 1012 413 κέρδος
1034 363 1208 413 ἀποφέρε-

127 410 237 452 σθαι,
272 407 360 443 ἀλλὰ
390 408 471 452 δίχα
504 409 603 444 τινὸς
634 407 814 455 ἀναβολῆς
843 409 867 454 ἢ
889 409 1070 455 μειώσεως
1093 414 1209 447 ταῦτα

126 457 308 499 παρέχειν,
333 451 421 488 ὥςτε
445 458 646 501 προχωρεῖν
670 457 717 490 εἰς
737 454 776 490 ἃς
799 455 838 496 ἐξ
861 453 967 502 ἀρχῆς
994 453 1208 503 ἆφωρίσθη-

126 511 196 533 σαν
215 502 339 543 χρείας.
389 497 478 533 ἀλλὰ
500 497 592 543 μηδὲ
615 500 697 535 τοὺς
720 501 894 546 κτήτορας
916 502 993 537 τῶν
1014 501 1158 537 πόλεων
1186 500 1209 546 ἢ

125 542 311 598 οἰκήτορας
330 543 469 587 τολμᾶν
489 543 740 600 οἱῳδηποτοιῖν
760 545 888 603 τρόπῳ
910 543 1152 593 ἀφαιρεῖσθαί
1172 561 1209 582 τι

1201 73 1287 121 642

1138 243 1212 279 γθις

1935 91 1996 122 ΒΕ
2025 90 2356 126 COLLA'I'ORIBUS

1281 196 1359 223 esse
1398 187 1580 224 licentiam
1616 187 1792 225 fiscalium
1829 189 2056 226 exactoribus
2095 192 2355 228 communicare

1279 232 1441 277 pecuniis
1477 243 1568 287 quae
1601 234 1767 279 operibus
1805 236 1842 269 ot
1876 234 2063 271 frumentis
2099 235 2282 273 civitatum
2318 239 2355 273 et

1278 277 1510 330 aquaeductis
1534 281 1597 314 aut
1620 278 1698 314 aliis
1722 277 1941 332 quibuslibet
1964 280 2194 332 sollemnibus
2216 284 2280 317 aut
2296 291 2354 317 sa-

1278 321 1375 358 larus
1397 322 1590 376 deputatae
1612 326 1706 368 sunt,
1731 327 1794 358 aut
1817 328 1969 360 retinere
1992 325 2125 370 ahquid
2149 335 2191 361 ex
2215 326 2266 362 eis
2291 329 2356 361 aut

1245 371 1264 402 5
1278 367 1323 401 ad
1339 377 1522 412 proprium
1537 369 1675 404 lucrum
1691 368 1861 413 redigere,
1881 370 1945 406 sed
1961 369 2037 405 sine
2052 370 2174 423 aliqua
2187 370 2355 406 dilatione

1277 414 1341 447 aut
1362 413 1604 450 imminutione
1628 414 1694 449 has
1717 414 1900 459 praebere,
1931 418 1971 450 ut
1993 414 2185 460 proficiant
2215 416 2252 451 in
2276 416 2353 460 qui-

1278 457 1344 492 bus
1376 457 1422 492 ab
1453 457 1554 494 initio
1583 458 1775 503 deputatae
1806 460 1890 494 sunt
1921 459 2099 504 operibus.
2147 460 2218 496 Sed
2239 470 2354 505 neque

1277 512 1503 546 possessores
1544 506 1608 539 aut
1645 503 1867 540 habitatores
1908 504 2090 540 civitatum
2129 515 2354 550 praesumere

1278 546 1436 591 quolibet
1454 547 1558 583 modo
1590 548 1732 584 auferre
1762 548 1896 593 aliquid
1927 559 1971 584 ex
2000 549 2087 594 ipsis
2110 550 2267 596 pecuniis
2290 553 2354 586 aut

126 589 164 628 ἐξ
200 601 324 623 auram
357 590 435 624 τῶν
467 589 665 634 χρημάτων
700 604 721 634 η
756 604 911 635 ονοματι
948 590 1160 648 διαγραφῶν
1187 590 1209 635 ἢ
1226 594 1264 626 10
1278 592 1418 628 nomine
1441 592 1718 638 descriptionum
1744 596 1808 630 aut
1830 604 1895 639 pro
1920 595 2089 639 sportulis
2114 594 2200 631 dare
2222 595 2353 640 aliquid

126 631 216 678 ὑπὲρ
239 633 479 679 σπορτούλων
504 632 646 669 διδόναι
669 649 705 670 τι
726 637 765 670 ἐκ
781 635 926 672 τούτων
945 651 966 680 η
988 636 1204 672 αναλίσκειν.

124 679 155 711 εἰ
179 676 221 711 δέ
248 690 301 713 τις
324 678 347 722 ἢ
367 677 496 714 δοῦναι
519 678 541 723 ἢ
564 679 691 724 λαβεῖν
714 682 753 722 ἐξ
778 679 899 716 αὐτῶν
923 680 1121 726 τολμήσειε,
1153 695 1206 716 κε-

123 721 274 767 λεύομεν
306 721 421 758 αὐτὸν
445 725 594 759 οἴκοθεν
627 727 667 760 ἐν
691 724 800 770 διπλῆ
825 726 1001 770 ποσότητι
1031 729 1138 762 τοῦτο
1162 729 1206 770 τῖ]

123 767 228 803 πόλει
252 765 479 820 ἀποδιδόναι.
529 767 620 804 ἀλλὰ
644 769 734 815 μηδὲ
756 763 839 806 τοὺς
854 773 931 806 τῶν
947 773 1132 818 ἐπαρχιῶν
1147 764 1205 817 ἆῤ·

1277 647 1321 672 ex
1344 637 1400 672 his
1432 640 1496 673 aut
1519 638 1727 683 expendere.
1776 638 1813 674 Si
1837 639 1915 684 quis
1938 644 2057 675 autem
2087 642 2152 676 aut
2175 641 2261 676 dare
2292 643 2353 676 aut

1276 682 1439 727 accipere
1461 693 1505 718 ex
1527 683 1583 718 his
1607 684 1899 736 praesumpserit,
1930 684 2091 720 iubemus
2115 695 2196 721 eum
2219 685 2264 721 de
2287 695 2352 721 suo

1275 726 1313 762 in
1337 727 1470 779 duplici
1501 730 1698 772 quantitate
1729 728 1798 764 hoc
1830 728 1962 764 civitati
1992 730 2150 766 reddere.
2198 730 2267 766 Sed
2289 740 2352 766 ne·

1276 781 1344 817 que
1367 773 1629 817 provmciarum
1651 773 1786 810 iudices
1811 776 1874 809 aut
1889 783 2011 810 eorum
2029 775 2149 812 officia
2167 778 2230 811 aut
2244 775 2354 811 alium

122 825 250 855 χοντας
274 811 297 856 ἢ
317 814 379 848 τὰς
399 821 543 850 τούτων
566 813 685 856 τάξεις
704 815 727 859 ἢ
748 815 858 851 ἄλλον
878 816 1092 861 οἱανδήποτε
1115 830 1206 852 παν·
1223 821 1262 852 15
1276 817 1470 862 quemlibet
1507 819 1650 855 omnino
1689 818 1914 864 participium
1952 819 2085 855 habere
2123 820 2266 866 aliquod
2307 819 2354 856 ad

122 857 233 892 τελῶς
259 863 456 914 μετουσίαν
488 862 581 903 ἔχειν
611 861 695 896 τινὰ
728 862 818 907 πρὸς
848 862 895 896 τὰ
926 863 1094 908 εἰρημένα
1125 861 1206 908 χρή-

121 916 220 945 ματα
251 918 273 947 η
303 905 348 951 τῇ
378 906 524 940 τούτων
555 903 728 950 διοικήσει
760 907 892 942 ἑαυτὸν
922 906 1204 955 παρεμβάλλειν·

122 946 214 982 ἀλλὰ
244 948 313 984 τὸν
342 947 493 993 ἑκάστης
523 949 663 985 πόλεως
691 949 896 987 ὁσιώτατον
919 954 1119 989 ἐπίσκοπον
1147 956 1208 987 καὶ

122 993 204 1028 τοὺς
228 995 482 1039 πρωτεύοντας
504 997 567 1039 τῆς
591 995 747 1038 πόλεως,
772 994 814 1031 ού
834 998 906 1041 μὴν
931 995 1021 1032 ἀλλὰ
1043 1002 1103 1032 καὶ
1126 997 1207 1032 τοὺς

123 1035 232 1082 αὐτῆς
262 1038 438 1087 κτήτορας
467 1041 745 1096 προβάλλεσθαι
775 1044 842 1086 μὲν
873 1043 941 1078 τὸν
970 1046 1110 1089 πατέρα
1139 1042 1438 1079 τὸν20111111181110

121 1085 184 1126 τῆς
214 1083 352 1119 πόλεως
388 1089 448 1120 καὶ
483 1099 552 1121 τον
583 1099 744 1131 σιτωνην
779 1091 839 1121 καὶ
871 1087 996 1123 ἄλλους
1027 1087 1207 1123 τοιούτους

122 1127 312 1172 διοικητάς,
338 1130 491 1166 ἑκάστου
507 1129 548 1165 δὲ
564 1133 728 1167 ἐνιαυτοῦ
750 1132 994 1178 πληρουμένου
1015 1134 1082 1168 τὸν
1102 1130 1206 1169 ὁσιώ-

120 1187 234 1208 τατον
264 1177 464 1211 ἐπίσκοπον
495 1177 587 1221 μετὰ
617 1181 727 1213 πέντε
755 1177 1025 1224 πρωτευόντων
1052 1180 1116 1223 τῆς
1140 1177 1206 1214 πό·

121 1218 209 1254 λεως
241 1221 322 1254 τοὺς
346 1220 534 1267 λογισμούς
557 1219 727 1258 ἀπαιτεῖν
750 1224 832 1258 τοὺς
856 1221 946 1270 παρ’
972 1221 1097 1259 αὐτῶν
1119 1237 1204 1270 προ-

1275 862 1476 906 praedictas
1507 863 1678 907 pecunias
1713 866 1776 898 aut
1806 873 1927 899 eorum
1958 864 2215 918 dispensationi
2243 868 2354 901 semet

1275 909 1393 951 ipsum
1416 908 1583 954 miscere;
1609 908 1672 944 sed
1689 908 1841 944 civitatis
1864 909 2126 945 sanctissimum
2145 910 2354 955 episcopum

1277 956 1312 988 et
1335 952 1504 997 primates
1536 963 1603 989 nec
1625 963 1699 989 non
1722 956 1759 990 et
1782 953 1857 989 eius
1881 963 2105 998 possessores
2137 955 2354 991 constituere

1276 997 1417 1042 quidem
1442 999 1589 1078 (fatrem
1626 998 1777 1034 civitatis
1815 1001 1852 1034 et
1887 999 2156 1035 frumentarium
2194 1002 2230 1036 et
2263 1000 2352 1036 alios

1465 1043 1476 1078 i
1508 1043 1789 1088 dispensatores,
1825 1044 1972 1088 singulis
2002 1048 2122 1080 autem
2156 1045 2259 1080 annis
2287 1046 2352 1081 im-

1276 1087 1379 1132 pletis
1403 1088 1667 1124 sanctissimum
1691 1089 1897 1134 episcopum
1921 1099 2002 1125 cum
2017 1090 2172 1135 quinque
2193 1090 2352 1136 primati-

1278 1135 1343 1168 bus
1369 1133 1520 1169 civitatis
1543 1134 1700 1170 rationes
1732 1134 1874 1179 exigere
1896 1144 1957 1170 eos
1989 1135 2050 1180 qui
2076 1135 2123 1171 ab
2147 1135 2235 1182 ipsis
2260 1135 2353 1172 ordi-

1274 1178 1351 1213 nati
1372 1182 1465 1222 sunt,
1492 1182 1527 1214 et
1549 1179 1580 1215 si
1603 1179 1687 1225 quid
1710 1189 1755 1215 ex
1774 1179 1905 1215 talibus
1928 1180 2124 1216 ratiociniis
2148 1181 2354 1226 apparuerit

1275 1223 1433 1259 debitum
1457 1227 1519 1259 aut
1541 1224 1765 1267 remansisse,
1790 1224 1882 1270 exigi
1905 1224 2106 1261 huiusmodi
2130 1225 2352 1271 dispensato-

121 1263 343 1309 βληθιέντας·
393 1270 454 1300 καὶ
487 1268 524 1302 εἴ
552 1281 589 1302 τι
623 1270 661 1302 ἐκ
701 1270 777 1303 τῶν
809 1281 988 1303 »coauctam
1024 1268 1206 1324 λογισμῶν
1220 1271 1260 1303 25
1274 1278 1331 1304 res
1356 1270 1515 1314 periculo
1535 1279 1596 1305 eos
1618 1270 1908 1306 constituentium
1932 1273 1968 1306 et
1987 1270 2201 1306 utilitatibus
2225 1271 2352 1317 quibus

121 1315 250 1355 φανείη
286 1310 571 1357 ἑποφειλόμενον
610 1312 632 1356 ἢ
668 1310 885 1358 ἆπομεῖναν,
925 1314 1206 1360 εἰςπραττεσθαι

120 1355 203 1389 τοὺς
219 1356 400 1391 τοιούτους
421 1356 601 1401 διοικητὰς
623 1360 677 1402 τῷ
695 1357 853 1403 κινδύνῳ
872 1361 948 1394 τῶν
965 1357 1094 1394 αὐτοὺς
1117 1372 1204 1415 προ-

120 1399 367 1445 βαλλομένων,
399 1405 459 1436 καὶ
491 1407 568 1437 ταῖς
595 1407 728 1449 χρείαις
752 1404 805 1439 αἶς
834 1402 1040 1452 ἀφώρισται
1072 1404 1202 1450 φυλατ-

120 1446 264 1480 τεσθαι.
312 1447 349 1481 εἴ
373 1459 427 1482 τις
459 1446 498 1482 δὲ
529 1451 566 1482 ἐκ
597 1450 674 1483 τῶν
700 1450 898 1497 εἰρημένων
929 1449 1121 1505 ὃξοικητῶν
1145 1448 1204 1484 ἆν-

1274 1314 1444 1359 deputata
1463 1317 1547 1351 sunt
1566 1315 1749 1350 reservari.
1795 1315 1832 1350 Si
1852 1315 1931 1360 quis
1955 1319 2072 1352 autem
2096 1326 2139 1352 ex
2158 1316 2352 1361 praedictis

1274 1359 1581 1404 dispensatoribus
1620 1360 1789 1396 inefficax
1821 1360 2035 1404 inveniatur,
2074 1363 2222 1406 repente
2255 1362 2352 1397 hunc

1273 1405 1444 1441 removeri
1467 1405 1628 1441 iubemus
1652 1405 1830 1451 aliumque
1859 1415 1925 1450 pro
1950 1415 1991 1441 eo
2023 1407 2060 1442 et
2082 1416 2106 1441 a
2127 1406 2351 1443 sanctissimo

1274 1450 1426 1486 civitatis
1465 1450 1635 1496 episcopo
1674 1454 1711 1486 et
1748 1450 1894 1496 reliquis
1930 1451 2218 1504 possessoribus,
2258 1452 2353 1488 sicut

121 1490 320 1535 επιτήδειος
336 1489 513 1538 εὑρεθείη,
543 1507 761 1550 παραχρημα
785 1508 923 1549 (τουτον
947 1496 1205 1531 αποκινεῖσθαι
1219 1498 1260 1530 30
1272 1495 1494 1540 praedictum
1516 1500 1581 1539 est,
1605 1496 1780 1540 ordinar13
1811 1495 2008 1532 scientibus
2031 1496 2086 1532 his
2111 1497 2172 1541 qui
2194 1496 2350 1532 denomi-

120 1535 307 1592 κελεύομεν
331 1541 391 1571 καὶ
410 1537 520 1573 ἄλλον
540 1554 609 1574 αντ
646 1553 757 1575 αυτου
774 1541 847 1575 υπό
863 1554 903 1575 τε
918 1542 982 1576 τοῦ
1000 1537 1204 1576 ὁσιωτάτου

120 1583 182 1624 τῆς
206 1582 346 1617 πολεως
370 1583 568 1618 ἐπισκόπου
592 1582 664 1620 ὑπό
690 1598 729 1619 τε
749 1587 826 1619 τῶν
844 1584 983 1621 λοιπῶν
1006 1586 1205 1632 κτητόρων,

120 1627 247 1662 καθ’ὠς
270 1628 425 1673 εἴρηται,
456 1629 749 1675 προβάλλεσθαι·
787 1629 942 1666 εἰδότων
972 1632 1050 1666 τῶν
1074 1629 1205 1676 ὄνομα·

121 1670 266 1714 ζόντων
289 1672 429 1717 αύτούς,
455 1670 503 1709 ὥς
526 1675 563 1709 εἴ
579 1686 634 1710 τις
651 1677 759 1718 ζημία
784 1677 826 1723 τῇ
846 1675 951 1712 πόλει
974 1680 1143 1722 συμβαίη,
1167 1678 1205 1711 ἐκ

119 1718 199 1752 τῶν
222 1716 327 1753 ἰδίων
351 1715 490 1755 ούσιῶν
511 1720 650 1764 ταύτην
672 1720 975 1767 θεραπεύσουσιν.

1273 1544 1362 1576 nant
1385 1551 1476 1594 eos,
1495 1541 1580 1587 quia
1611 1541 1642 1576 si
1673 1541 1766 1595 quod
1797 1541 1964 1577 damnum
1996 1541 2130 1579 civitati
2153 1542 2352 1587 contigerit,

1274 1595 1318 1622 ex
1341 1597 1496 1632 proprus
1516 1587 1727 1623 substantiis
1750 1586 1820 1623 hoc
1842 1585 2089 1624 medebuntur.

1092 1835 1248 1871 CAPUT
1272 1835 1386 1872 XVII.

177 1900 319 1944 Μηδενὶ
337 1900 377 1936 δὲ
393 1902 525 1943 ἐξέστω
541 1902 658 1949 (τῶν)
676 1901 698 1946 ἢ
714 1904 754 1938 ἐν
769 1904 814 1950 τῇ
838 1902 938 1945 τάξει
960 1905 1039 1939 τῶν
1063 1901 1204 1946 ἐνδοξο-

119 1944 246 1981 τάτων
277 1945 447 1993 ἐπάρχων
477 1946 501 1991 ἢ
529 1949 570 1983 ἐν
601 1947 690 1996 ἄλλῃ
721 1947 823 1989 τάξει
853 1948 876 1992 ἢ
906 1951 946 1984 ἐν
977 1949 1085 1996 σχολῇ
1115 1947 1202 1983 ἀνα-

120 1995 329 2037 φερομένων
348 1994 393 2027 τὰ
413 1994 566 2028 τοιαῦτα
585 1993 782 2040 λογοθέσια
805 1995 1086 2050 ἐπιτρέπεσθαι,
1111 1993 1203 2039 μήτε

120 2038 159 2070 ἐκ
189 2038 413 2083 προςτάξεως
447 2039 510 2082 τῆς
542 2035 650 2083 αὐτῆς
685 2037 793 2085 ἀρχῆς
826 2053 848 2083 η
882 2039 989 2074 αλλου
1021 2051 1223 2086 αρχοντος,’

1328 1904 1428 1941 Nulli
1451 1914 1534 1940 vero
1557 1904 1666 1940 liceat
1689 1914 1810 1941 eorum
1834 1904 1895 1950 qui
1917 1904 1955 1939 in
1975 1903 2094 1941 officio
2117 1907 2202 1941 sunt
2221 1904 2349 1950 glorio-

1272 1949 1490 1986 sissimorum
1507 1949 1782 1995 praefectorum,
1799 1953 1862 1985 aut
1877 1949 1914 1984 in
1926 1949 1996 1985 alio
2012 1949 2132 1986 officio
2148 1954 2212 1986 aut
2227 1950 2352 1986 schola

1272 1996 1546 2031 constitutorum
1584 1995 1671 2030 talia
1705 1994 1893 2030 ratiocinia
1931 1995 2121 2040 committi,
2156 2004 2272 2041 neque
2306 2005 2351 2031 ex

1270 2044 1462 2085 praecepto
1478 2040 1635 2076 eiusdem
1652 2039 1965 2076 administrationis
1981 2043 2044 2076 aut
2059 2040 2207 2076 alterius
2221 2040 2350 2077 iudicis

119 2151 257 2187 nullam
287 2151 431 2186 omnino
455 2155 675 2197 potestatem
706 2162 783 2187 esse
816 2151 1031 2187 tributorum
1060 2150 1293 2187 exactoribus
1322 2148 1527 2196 attinqendi
1547 2151 1748 2195 pecunias,
1780 2161 1875 2196 quae
1898 2150 2069 2196 operibus
2098 2154 2134 2186 et
2153 2150 2351 2196 frumentis

120 2197 304 2232 civitatum
335 2195 391 2232 vel
414 2195 698 2242 aquaeductibus
729 2196 784 2232 vel
813 2196 897 2232 aliis
926 2196 1011 2231 ullis
1040 2195 1273 2232 sollemnibus
1301 2199 1365 2230 aut
1393 2195 1542 2230 salariis
1569 2195 1770 2231 destinatae
1792 2199 1894 2238 sunt,
1923 2198 1988 2231 aut
2010 2196 2202 2242 quicquam
2232 2196 2351 2232 exiis

118 2241 298 2277 retinendi
328 2244 393 2276 aut
423 2241 473 2276 ad
494 2242 693 2288 proprium
723 2241 862 2277 lucrum
886 2241 1096 2288 auferendi,
1126 2240 1192 2276 sed
1212 2241 1290 2276 sine
1313 2240 1389 2276 ulla
1413 2239 1586 2276 dilatione
1615 2244 1680 2276 aut
1702 2240 1944 2276 deminutione
1973 2251 2036 2277 eas
2062 2241 2278 2287 praebeant,
2309 2245 2352 2277 ut

119 2287 170 2322 ad
191 2297 283 2332 quos
312 2285 357 2321 ab
382 2286 484 2322 initio
507 2286 709 2323 destinatae
739 2291 825 2322 sunt
854 2297 942 2322 usus
972 2290 1179 2333 erogentur.
1235 2285 1366 2322 Verum
1389 2296 1434 2320 ne
1450 2295 1685 2331 possessores
1714 2285 1855 2332 quidem
1887 2288 1952 2321 aut
1974 2285 2195 2322 habitatores
2224 2286 2349 2322 civita-

121 2331 294 2367 tumulto
317 2331 426 2366 modo
450 2332 601 2377 auferre
624 2332 817 2378 quicquam
847 2343 897 2368 ex
920 2332 1008 2378 ipsis
1026 2331 1194 2378 pecuniis
1217 2330 1273 2367 vel
1295 2330 1576 2376 descriptionum
1599 2330 1744 2366 nomine
1773 2330 1829 2367 vel
1851 2340 1927 2377 pro
1951 2330 2127 2377 sportulis
2157 2331 2350 2377 quicquam

119 2377 165 2412 de
187 2377 234 2412 iis
256 2376 346 2412 dare
369 2376 424 2411 vel
445 2377 652 2423 expendere
674 2377 840 2412 audeant.
888 2375 1028 2420 Quodsi
1048 2377 1130 2423 quis
1180 2375 1242 2411 uid
1264 2379 1328 2411 aut
1350 2376 1440 2411 dare
1463 2379 1527 2411 aut
1549 2376 1714 2422 accipere
1737 2386 1787 2412 ex
1808 2375 1854 2410 iis
1876 2386 1987 2410 ausus
2005 2376 2064 2418 sit,
2087 2375 2248 2411 iubemus
2270 2387 2350 2412 eum

118 2422 159 2457 id
180 2422 230 2469 de*
246 2432 314 2457 suo
338 2421 525 2468 duplicata
549 2423 752 2468 quantitate
776 2422 912 2458 civitati
934 2421 1094 2458 reddere.
1172 2421 1217 2457 ed
1238 2431 1284 2457 ne
1305 2420 1493 2467 praesides
1524 2420 1666 2467 quidem
1690 2420 1965 2467 provinciarum
1994 2419 2053 2455 vel
2075 2431 2198 2456 eorum
2221 2421 2350 2467 officia

119 2467 176 2503 vel
196 2467 293 2502 ullus
325 2467 469 2502 omnino
501 2467 595 2502 alius
624 2468 907 2503 communionem
937 2468 1048 2502 ullam
1079 2466 1237 2502 habeant
1266 2466 1304 2501 in
1333 2465 1533 2512 praedictis
1554 2466 1724 2512 pecuniis
1753 2466 1809 2502 vel
1830 2476 1954 2500 earum
1985 2465 2290 2502 administrationi
2310 2476 2350 2503 se

118 2512 360 2547 immisceant:
394 2522 515 2548 verum
538 2512 694 2548 civitatis
717 2512 890 2558 cuiusque
911 2513 1158 2548 sanctissimus
1181 2523 1199 2547 e
1227 2511 1300 2546 isco
1328 2522 1372 2546 us
1403 2515 1439 2547 et
1456 2511 1634 2558 primates
1657 2511 1812 2546 civitatis
1841 2521 1907 2546 nec
1928 2521 2002 2546 non
2022 2521 2250 2556 possessores
2271 2510 2350 2547 eius

112 2562 260 2604 patrem
283 2556 440 2592 civitatis
462 2561 498 2592 et
519 2557 802 2602 frumentarium
831 2562 866 2593 et
894 2561 1033 2593 ceteros
1055 2558 1189 2593 eiusmo
1216 2556 1229 2590 i
1251 2567 1274 2591 a
1301 2556 1565 2592 ministratores
1587 2556 1795 2598 instituant,
1826 2555 1981 2607 singulis
2010 2558 2129 2591 autem
2157 2556 2264 2591 annis
2284 2555 2348 2590 im-

117 2602 226 2648 pletis
248 2602 495 2637 sanctissimus
518 2602 711 2649 episcopus
734 2612 813 2637 cum
838 2602 997 2649 quinque
1013 2602 1234 2649 primatibus
1257 2601 1411 2637 civitatis
1433 2602 1594 2637 rationes
1616 2600 1770 2647 exiqant
1792 2601 1838 2636 ab
1862 2601 1907 2635 iis
1929 2601 1996 2652 qui
2016 2600 2061 2636 ab
2081 2600 2171 2647 ipsis
2193 2600 2352 2637 instituti

118 2651 204 2682 sunt
211 2659 226 2688 ;
260 2650 295 2681 et
317 2646 351 2681 si
374 2646 463 2692 quid
485 2657 535 2682 ex
558 2647 732 2683 eiusmodi
754 2647 957 2683 rationibus
980 2647 1136 2683 debitum
1167 2650 1232 2682 aut
1253 2646 1431 2692 reliquum
1453 2657 1530 2682 esse
1553 2650 1752 2693 appareat,
1783 2645 1823 2680 id
1844 2645 1888 2681 ab
1913 2644 2087 2681 eiusmodi
2116 2645 2348 2682 administra-

119 2691 258 2727 toribus
289 2691 464 2736 exiqatur
487 2692 656 2737 periculo
688 2703 813 2727 eorum
844 2693 909 2738 qui
936 2703 1000 2728 eos
1029 2692 1282 2733 instituerunt,
1318 2695 1427 2737 atque
1454 2691 1584 2737 quibus
1613 2690 1829 2727 destinatum
1860 2694 1914 2726 est
1937 2690 2059 2726 usibus
2088 2695 2260 2727 servetur.
2306 2689 2349 2726 Si

119 2736 203 2783 quis
236 2747 320 2772 vero
355 2746 405 2771 ea:
436 2736 638 2782 praedictis
671 2737 1027 2773 administratoribus
1060 2747 1192 2789 parum
1228 2736 1381 2772 idoneus
1415 2736 1630 2779 inveniatur,
1665 2737 1786 2771 statim
1813 2746 1893 2771 eum
1920 2734 2097 2772 removeri
2125 2734 2286 2771 iubemus
2313 2738 2349 2772 et

119 2782 271 2816 alterum
303 2781 342 2815 in
373 2781 450 2816 eius
480 2781 598 2817 locum
629 2786 665 2818 et
695 2793 718 2818 a
747 2783 974 2818 sanctissimo
1006 2782 1160 2818 civitatis
1183 2781 1354 2828 episcopo
1383 2784 1465 2817 eta
1493 2781 1562 2817 reli
1588 2782 1644 2816 uis
1664 2780 1942 2827 possessoribus,
1974 2780 2029 2816 uti
2051 2780 2183 2816 dictum
2206 2783 2270 2823 est,
2294 2780 2348 2816 in-

118 2826 240 2862 stitui:
275 2826 462 2871 sciantque
486 2827 551 2872 qui
570 2837 633 2862 eos
654 2827 853 2870 nominant,
876 2827 910 2863 si
933 2826 1022 2874 quid
1044 2826 1128 2863 inde
1152 2826 1355 2863 detrimenti
1377 2826 1516 2863 civitati
1538 2838 1561 2862 a
1578 2826 1689 2862 latum
1707 2826 1767 2868 sit,
1791 2836 1841 2861 ex
1859 2826 1935 2861 suis
1951 2835 2029 2862 sese
2044 2824 2288 2870 facultatibus
2310 2824 2350 2861 id

118 2876 327 2908 resarturos
350 2881 434 2906 esse.

254 2915 370 2951 XVII.
418 2915 520 2950 Nulli
543 2919 662 2951 autem
685 2927 809 2952 eorum
830 2917 895 2968 qui
915 2917 954 2952 in
979 2917 1143 2963 officium
1165 2916 1508 2962 gloriosissimorum
1526 2916 1803 2963 praefectorum
1834 2915 1890 2951 vel
1911 2915 1950 2950 in
1973 2914 2077 2950 aliud
2098 2914 2261 2960 officium
2283 2918 2349 2951 aut

118 2961 157 2998 in
179 2960 342 2997 scholam
364 2960 473 2996 relati
495 2965 579 2995 sunt
604 2961 692 2996 talia
715 2962 909 2997 ratiocinia
934 2962 1106 2998 committi
1129 2961 1246 3003 liceat,
1270 2971 1385 3007 neque
1404 2971 1454 2998 ex
1468 2966 1668 3007 praecepto
1690 2961 1847 2996 eiusdem
1869 2960 2104 3006 maqistratus
2126 2958 2183 2995 vel
2196 2958 2348 2996 alterius

175 3075 196 3108 2
220 3075 447 3118 χρηματικοῖς
471 3074 502 3106 L
525 3073 537 3112 ΙΙ
562 3075 582 3108 3
606 3071 698 3115 ἢτοι]
730 3076 763 3106 et
786 3086 805 3110 ς
826 3074 838 3111 ss
865 3077 884 3108 5
908 3086 944 3106 τι
969 3073 1007 3113 ἐξ
1031 3071 1154 3107 αὐτῶν
1178 3069 1200 3116 ἢ

119 3121 294 3161 L5(lul.)]
325 3116 348 3161 ἢ
372 3131 409 3152 τι
441 3118 479 3159 ἐξ
503 3116 626 3152 αὐτῶν
652 3119 697 3151 Μ
714 3118 726 3161 ΙΙ
752 3121 792 3153 10
817 3115 1031 3164 διαγράφων
1056 3120 1096 3152 M
1118 3120 1131 3163 ΙΙ
1160 3122 1197 3153 11

119 3162 377 3208 σπορτούλλων
403 3165 445 3198 Μ
456 3164 469 3209 ΙΙ
492 3165 532 3198 12
556 3162 754 3207 *τολμήσω
781 3164 851 3196 ML
869 3166 881 3207 ΙΙ
908 3167 944 3197 17
972 3160 1087 3197 αὐτὸν
1110 3175 1201 3208 παρ-

119 3208 291 3254 εμβάλειν
314 3210 346 3243 L
371 3209 383 3253 ΙΙ
417 3212 455 3245 19
479 3209 542 3253 τῆς
564 3207 704 3244 πόλεως
726 3222 785 3243 om.
810 3220 829 3244 ς
858 3209 871 3247 ΙΙ
900 3210 941 3243 20
966 3209 1034 3243 τὸν
1059 3209 1119 3252 τῆς
1144 3210 1200 3250 M]

118 3255 187 3289 τὸν
210 3268 268 3289 om.
287 3255 318 3289 L
335 3255 348 3298 ΙΙ
373 3256 408 3288 21
438 3255 631 3296 τοιούτους]
655 3253 736 3287 τοὺς
758 3252 940 3286 τοιούτους
961 3255 992 3287 L
1010 3255 1021 3297 ΙΙ
1047 3256 1089 3288 23
1114 3265 1201 3297 προ-

118 3298 305 3334 τευόντων
329 3302 374 3334 M
393 3301 405 3344 ΙΙ
431 3302 473 3335 32
498 3300 698 3334 ἐπισκόπου
721 3299 781 3341 τῆς
806 3296 944 3332 πόλεως
967 3300 998 3332 L
1022 3299 1035 3343 ΙΙ
1058 3301 1101 3332 36
1125 3300 1202 3332 τῶν

120 3348 197 3379 add.
212 3346 400 3380 Zachariae
415 3346 427 3390 ΙΙ
445 3342 469 3388 ἢ
493 3358 551 3380 om.
572 3357 592 3382 ς
607 3346 619 3390 ΙΙ
638 3346 680 3380 38
705 3341 824 3388 *μηδὲ
840 3345 912 3377 ML

177 3482 197 3514 2
221 3481 362 3523 peculiis
388 3482 420 3514 T
440 3481 453 3525 ΙΙ
479 3483 511 3514 et
534 3481 728 3522 aqueductis
751 3482 784 3512 et
807 3479 882 3513 aliis
905 3492 967 3513 scr.
990 3478 1042 3512 V2
1066 3480 1098 3512 in
1115 3486 1199 3521 spat.

119 3538 188 3558 vac.
207 3526 220 3568 ΙΙ
237 3528 257 3559 3
274 3526 537 3568 aquaeductibus
552 3527 639 3570 vulq.
664 3526 677 3570 ΙΙ
693 3527 714 3560 4
729 3526 887 3568 deputata
906 3525 976 3567 VT,
992 3537 1074 3558 corr.
1088 3525 1173 3567 vuly.
1190 3523 1201 3566 ΙΙ

119 3571 172 3603 his
199 3572 231 3604 T
245 3571 257 3613 Ι]
272 3575 331 3604 aut
354 3571 396 3604 ad
419 3573 518 3616 vulq]
542 3574 600 3604 aut
618 3572 650 3605 T
671 3573 751 3613 adut
767 3572 839 3613 (sic)
861 3570 919 3614 Vl}
944 3572 964 3604 5
982 3577 1055 3603 ante
1070 3568 1201 3601 lucrum

119 3623 203 3658 spat.
218 3628 288 3650 vac.
305 3618 391 3651 1—2
410 3617 468 3650 liu.
483 3624 530 3650 est
546 3618 577 3650 in
599 3616 654 3660 Vss
673 3618 802 3658 exigere
828 3616 859 3649 T
878 3615 891 3660 ΙΙ
909 3617 929 3650 6
953 3614 1199 3648 inminution-

119 3660 276 3702 praebere
305 3662 353 3694 Τι
380 3662 392 3705 ΙΙ
417 3662 476 3695 has
501 3663 600 3706 vulo]
624 3662 705 3695 haec
730 3663 808 3696 libri
827 3660 840 3706 ΙΙ
865 3662 902 3694 in
927 3674 985 3695 om.
1002 3660 1049 3694 T¹
1068 3660 1080 3703 ΙΙ
1106 3662 1123 3693 7
1147 3659 1201 3691 dc·

1268 3075 1349 3116 pute
1369 3072 1425 3115 Vn
1448 3074 1565 3113 neque]
1590 3083 1633 3105 ne
1658 3072 1690 3105 T
1708 3071 1720 3115 ΙΙ
1746 3073 1765 3105 8
1789 3081 2051 3115 preasumpmere
2078 3071 2110 3104 T
2127 3069 2140 3114 ΙΙ
2167 3072 2206 3104 11
2234 3080 2272 3103 ex
2295 3071 2348 3103 his

1269 3121 1378 3151 autem
1397 3118 1436 3159 T,
1454 3130 1512 3152 om.
1534 3116 1589 3159 Vn
1606 3119 1665 3150 aut
1680 3115 1757 3148 dare
1779 3116 1824 3157 V]
1849 3116 1926 3149 dare
1946 3116 2069 3159 Tvulq.
2087 3115 2100 3159 ΙΙ
2126 3117 2167 3149 12
2188 3126 2262 3148 eum
2287 3128 2346 3149 om.

1273 3164 1304 3196 T
1323 3162 1335 3206 ΙΙ
1356 3164 1396 3197 13
1420 3162 1455 3194 in
1481 3174 1539 3194 om.
1562 3161 1618 3203 Vn
1637 3163 1677 3194 14
1698 3163 1756 3193 aut
1773 3163 1897 3202 eorum]
1921 3162 1980 3194 aut
2003 3174 2061 3194 orn.
2084 3160 2132 3194 V¹
2153 3160 2165 3205 ΙΙ
2184 3162 2223 3195 15
2247 3170 2346 3203 quae-

1269 3208 1352 3241 libet
1371 3206 1427 3250 Vn
1444 3206 1573 3247 aliquid
1593 3207 1626 3240 V
1644 3206 1649 3249 Ι
1669 3208 1710 3240 16
1727 3206 1960 3248 disceptationi
1980 3206 2012 3239 T
2025 3205 2037 3250 ΙΙ
2057 3208 2094 3240 17
2113 3205 2271 3246 civitatis]
2290 3216 2347 3239 ou—

1269 3254 1387 3294 iusque
1410 3253 1504 3284 addit
1519 3250 1635 3294 Beck!
1661 3253 1701 3284 19
1726 3253 1834 3293 patres
1856 3252 1888 3284 T
1902 3251 1914 3293 fl
1930 3251 2165 3284 frumentarios
2192 3251 2224 3284 T
2232 3251 2347 3295 vul9.ss

1269 3297 1334 3330 alie
1363 3296 1411 3329 V¹
1436 3297 1448 3339 ΙΙ
1472 3297 1514 3329 20
1538 3296 1779 3337 dispensatores
1803 3296 1957 3338 singulis]
1993 3296 2053 3341 {res
2075 3295 2216 3338 singulis
2241 3295 2291 3329 T’
2313 3297 2345 3330 in

1270 3355 1336 3375 rar.
1355 3342 1426 3384 1122
1451 3340 1624 3374 ciuitatum
1651 3342 1684 3375 T
1710 3341 1826 3374 civitat
1850 3354 1917 3375 cum
1940 3349 2024 3385 spat.
2045 3354 2116 3375 vac.
2134 3343 2155 3375 4
2181 3342 2239 3375 liet.
2262 3339 2313 3374 V¹
2332 3338 2348 3426 ΕΙ

1270 3386 1323 3428 ab]
1340 3396 1415 3419 cum
1432 3386 1479 3419 T¹
1495 3386 1507 3430 ΙΙ
1527 3387 1569 3419 24
1585 3386 1793 3419 remansisset
1815 3387 1883 3427 VT,
1900 3399 1981 3420 corr.
1996 3387 2081 3430 vulq.
2101 3386 2113 3429 ΙΙ
2130 3387 2172 3420 25
2185 3384 2333 3429 periculo

1269 3442 1330 3464 suo
1354 3431 1500 3474 periculo
1530 3432 1561 3464 Τ
1571 3432 1582 3474 ΙΙ
1602 3433 1643 3465 26
1668 3431 1816 3474 deputati
1840 3432 1872 3464 T
1889 3432 1902 3475 ΙΙ
1919 3431 2043 3465 seruari
2070 3430 2184 3476 T1127
2207 3430 2346 3464 ineficax

1274 3478 1305 3510 T
1316 3476 1328 3519 ΙΙ
1346 3479 1491 3520 repente]
1511 3480 1646 3520 repente
1662 3476 1767 3519 igitur
1786 3478 1817 3510 Τ
1828 3477 1840 3520 ΙΙ
1858 3477 1942 3510 hanc
1965 3478 2011 3510 V·
2028 3476 2041 3521 Ι]
2060 3477 2102 3510 28
2119 3478 2149 3517 a]
2168 3476 2209 3509 ad
2230 3475 2286 3519 Vn
2302 3475 2345 3509 29

1269 3522 1369 3554 sicuti
1391 3521 1440 3555 V²
1458 3522 1469 3564 ΙΙ
1492 3524 1533 3556 30
1558 3522 1684 3555 dictum
1707 3521 1763 3566 Vn
1786 3526 1836 3555 est
1859 3534 1918 3556 om.
1941 3521 1997 3565 Vl}
2020 3521 2095 3564 quis
2116 3521 2164 3555 V¹
2189 3520 2202 3565 ΙΙ
2225 3522 2264 3555 31
2292 3529 2346 3553 eos

1271 3567 1349 3608 quia
1366 3580 1422 3600 om.
1437 3567 1467 3600 T
1482 3566 1494 3611 ΙΙ
1511 3568 1552 3600 32
1571 3567 1749 3600 medobunt
1772 3567 1799 3599 V
1816 3567 1986 3600 habebunt
2002 3567 2033 3600 T
2047 3565 2059 3611 ΙΙ
2076 3567 2118 3600 36
2132 3566 2251 3598 horum
2270 3564 2319 3599 1⁷¹
2333 3562 2346 3609 ss

1270 3611 1380 3645 officio
1403 3623 1439 3645 so
1463 3615 1540 3645 sunt
1561 3613 1608 3646 V·
1634 3612 1647 3657 Ι]
1675 3614 1715 3647 37
1737 3613 1796 3644 aut
1819 3612 1855 3644 in
1880 3631 1922 3637 -
1947 3612 2024 3652 643,
2038 3619 2054 3645 3
2078 3610 2267 3644 huiusmodi
2290 3609 2347 3642 fiat

1270 3670 1330 3691 scr.
1353 3656 1401 3692 V²
1421 3659 1454 3691 in
1471 3665 1555 3702 spat.
1572 3670 1641 3692 vac.
1660 3659 1701 3702 5}
1717 3670 1765 3690 11³.
1783 3657 1795 3701 ΙΙ
1821 3659 1864 3691 38
1889 3657 1977 3690 mitti
2005 3655 2066 3701 Tn
2093 3657 2135 3690 39
2158 3657 2217 3688 aut
2240 3667 2298 3689 om.
2319 3652 2349 3688 V
