2592 3840
271 94 379 139 Nov.
400 94 563 138 LXXX
592 98 631 138 9.
665 97 716 137 10

274 206 472 253 συγχίσεως
503 203 850 251 ἐλευθερωθήσεται.
897 203 946 236 Εἰ
975 200 1016 236 δὲ
1045 205 1109 236 καί
1137 214 1238 237 τινας
1261 215 1342 237 συν-

274 250 345 285 ίδοι
380 254 440 295 τῆς
474 249 581 284 αὐτοῦ
615 250 748 290 τάξεως
788 250 827 282 ἐν
862 251 935 282 τοῖς
969 250 1085 293 πέραν
1120 244 1344 295 ὁρμητηρίοις

274 294 431 339 ἱδρῦσαι,
459 296 562 340 οἵπερ
586 298 644 328 καὶ
668 297 739 328 τοῖς
763 293 908 334 ἔξωθεν
932 289 1204 337 ἀφικνουμένοις
1226 289 1343 326 ἐντεύ-

275 341 398 382 ξονιαι
415 341 575 374 καὶτοὺς
605 339 782 373 ἐντεῦθεν
812 341 1059 382 πεμπομένους
1091 334 1274 391 δεχόμενοι
1298 338 1344 370 εἰς

1332 87 1425 136 ’396

2123 102 2196 134 ’ΒΕ
2224 101 2484 141 ΟΌΑΕΒΤΟΒΕ

1413 201 1622 237 confusione
1649 200 1869 236 liberabitur.
1917 199 1956 235 Si
1980 209 2063 236 vero
2095 199 2233 246 aliquos
2263 202 2483 247 perspexerit

1412 246 1468 282 sui
1502 246 1611 282 officii
1643 246 1680 281 in
1715 244 1962 282 transmarinis
1996 245 2158 290 portibus
2192 246 2382 289 collocare,
2420 246 2483 291 qui

1412 290 1519 326 etiam
1543 291 1673 327 deforis
1697 291 1877 326 venientes
1900 289 2083 335 inquirant
2113 294 2149 325 et
2178 291 2261 326 binc
2286 291 2482 327 destinatos

1412 335 1646 381 suscipientes
1684 336 1731 371 ad
1763 334 1964 380 provincias
2000 335 2172 379 dirigant,
2208 339 2244 370 et
2279 335 2349 371 hoc
2387 339 2480 380 agat,

273 386 338 419 τὰς
360 387 529 430 ἐπαρχίας
552 386 792 437 ἐκπέμψωσι,
821 386 882 435 καί
904 383 1012 417 τοῦτο
1035 382 1163 436 πράξει
1187 382 1229 417 τὸ
1259 394 1342 426 συμ-
1380 385 1398 416 5
1413 380 1508 425 quod
1531 380 1617 416 utile
1642 383 1696 416 est
1719 381 1936 425 reipublicae
1958 389 2024 425 per
2047 380 2163 415 omnia
2186 385 2347 416 venatus.

275 434 382 476 φέρον
405 431 457 472 τῷ
484 428 717 473 πολιτευματι
743 426 802 462 διὰ
828 440 983 463 παντων
1007 426 1186 473 θηρευων.

1267 561 1422 597 CAPUT
1445 560 1491 597 X.

327 643 445 676 Ταῦτα
470 638 619 677 ἅπαντα
643 640 916 685 νομοθετοῦμεν
946 641 1024 674 τῶν
1047 636 1230 686 ἡμετέρων
1255 637 1345 684 ὑπη-

275 687 373 721 κόων
404 685 612 731 κηδόμενοι.
650 689 709 719 καὶ
741 683 828 719 ὥςτε
861 685 912 729 μὴ
942 685 1006 719 τὰς
1034 687 1163 719 οἰκείας
1194 683 1346 730 ἀπολιμ-

276 732 458 767 πάνοντας
482 729 658 777 πατρίδας
681 731 847 764 ἐνταῦθα
870 729 1187 775 ταλαιπωρεῖσθαι
1210 734 1270 764 καὶ
1291 743 1347 764 τε·

275 777 406 811 λευτᾶν
447 777 533 811 ἴσως
575 777 652 810 τῶν
686 777 829 810 οἰκείων
872 777 1123 820 ἐστερημένους
1164 778 1224 809 καὶ
1257 774 1348 820 μηδὲ
1362 779 1402 810 10
1415 783 1530 819 neque
1553 773 1712 818 paternis
1736 774 1896 809 fruentes
1920 773 2122 818 sepulturis,
2154 783 2195 808 eo
2220 783 2288 818 quo

276 821 461 867 πατρῴων
492 819 743 856 ἀπολαύοντας
773 820 919 866 τάφων·
963 818 1059 854 διότι
1090 824 1149 854 καὶ
1173 824 1245 855 τοῖς
1275 820 1345 866 πρὸ

275 868 380 911 ημῶν
416 866 599 901 τεθεικόσι
631 866 712 900 τοὺς
746 865 876 910 νόμους
909 869 969 899 καὶ
1004 864 1185 900 πολιτείας
1220 878 1348 909 συστη-

276 914 447 958 σαμένοιςν
465 914 581 946 ταῦτα
612 908 654 945 οὗ
679 914 864 958 παρέργως
887 908 1141 954 ἐσπουδάσθη,
1172 908 1263 944 ἀλλὰ
1287 914 1348 944 καὶ

277 955 401 1004 άργίας
424 960 470 1000 ἦν
493 956 689 1011 τιςὶγραφη
713 960 773 989 καὶ
795 957 838 990 τὸ
857 955 999 997 ξενικὸν
1022 952 1126 990 ἅπαν
1149 955 1347 1002 περιειργά-

1459 638 1555 673 Haec
1581 639 1699 674 omnia
1723 638 1901 674 sancimus
1932 641 2135 675 nostrorum
2162 638 2400 674 subiectorum
2422 646 2484 672 cu-

1414 693 1490 719 ram
1513 683 1698 726 habentes,
1722 686 1763 719 ut
1779 695 1851 719 nou
1873 693 1958 720 suas
1981 684 2181 728 provincias
2205 683 2406 719 deserentes
2425 681 2484 723 hic

1414 728 1625 763 adterantur
1663 732 1699 764 et
1728 729 1924 764 moriantur
1955 729 2079 764 forsan
2109 728 2261 774 propriis
2317 726 2420 764 rivati
2450 730 2486 806 {it

2345 775 2380 807 et
2403 781 2449 807 an
2466 781 2486 807 e

1415 829 1481 854 nos
1511 818 1727 863 ponentibus
1758 819 1851 863 leges
1883 821 1920 854 et
1951 818 2206 863 rempublicam
2237 816 2485 853 constituenti-

1415 864 1484 898 bus
1507 864 1597 898 haec
1621 874 1693 898 non
1717 864 1923 899 transitorio
1955 863 2072 898 studio
2095 862 2256 905 fuerunt,
2289 862 2351 898 sed
2374 866 2410 897 et
2431 861 2486 906 pi-

1416 908 1542 953 gritiae
1574 909 1643 943 fuit
1666 908 1839 954 quaedam
1863 908 2040 953 scriptura
2071 912 2106 943 et
2135 907 2339 952 peregrinos
2364 916 2486 943 omnes

1417 953 1749 998 perscrutabantur.
1796 953 1846 988 Et
1869 963 1983 998 neque
2013 963 2143 988 novum
2174 962 2288 998 neque
2315 951 2391 989 leve
2418 952 2487 987 hoc

277 1004 391 1044 ζοντο.
439 1005 499 1035 καὶ
522 1015 564 1035 ov
589 1015 718 1035 καινον
751 997 834 1035 οὐδὲ
864 1000 978 1044 ἄηθες
1000 1002 1108 1035 τοῦτο
1139 1004 1212 1035 τοῖς
1236 1000 1347 1047 πράγ·
1363 1002 1404 1034 15
1418 999 1534 1034 causis
1559 999 1731 1042 studium,
1763 998 1895 1034 bonum
1919 997 2060 1043 quidem
2082 1000 2119 1033 et
2135 998 2339 1041 antiquum,
2369 996 2487 1041 negle-

275 1059 389 1092 μασιν
413 1049 489 1081 ἐστι
513 1045 556 1080 τὸ
582 1044 816 1091 σπούδασμα,
849 1043 939 1080 ἀλλὰ
962 1045 1076 1080 καλὸν
1104 1048 1173 1091 μὲν
1203 1050 1263 1080 καὶ
1288 1043 1348 1091 ἀρ-

275 1096 396 1135 χαῖον,
441 1089 626 1136 ἀμεληθὲν
665 1090 704 1126 δὲ
743 1093 783 1126 έν
821 1094 921 1136 μέσῳ
965 1090 1064 1137 παρὰ
1101 1092 1163 1125 τ”ς
1201 1087 1350 1125 ἅπαντα

276 1136 559 1183 καταβλαψάσης
582 1137 764 1184 ῥᾳθυμίας
786 1137 879 1170 κατὰ
894 1136 1025 1181 μικρὸν
1048 1137 1125 1170 ἐκιν
1150 1135 1249 1170 ύνευε
1273 1134 1349 1170 δια-

277 1183 472 1237 φθαρῆναί
508 1195 548 1215 τε
581 1185 641 1215 καὶ
676 1179 922 1235 άνῃρῆσθαι,(
944 1184 1010 1234 ἕιως
1045 1179 1142 1225 ἡμεῖς
1175 1181 1351 1226 χρήσιμον

1420 1048 1515 1079 ctum
1533 1053 1616 1079 vero
1634 1043 1673 1078 in
1690 1043 1806 1079 medio
1829 1045 1875 1079 ab
1896 1044 2062 1078 universa
2087 1042 2249 1078 laedente
2272 1041 2489 1095 neglegentia

1417 1089 1588 1134 paulatim
1613 1089 1849 1134 periclitatum
1872 1092 1927 1124 est
1949 1087 2129 1132 corrumpi
2151 1090 2188 1123 et
2210 1087 2351 1132 perimi,
2376 1086 2488 1123 donec

1418 1145 1484 1170 nos
1507 1134 1676 1178 prodesse
1699 1134 1768 1169 hoc
1794 1137 1831 1168 et
1853 1132 2041 1168 utillimum
2064 1132 2281 1168 invenientes
2304 1141 2428 1168 rursus
2450 1131 2491 1167 in

1418 1179 1673 1224 rempublicam
1696 1179 1965 1214 introducimus.
2014 1177 2115 1212 Sicut
2137 1177 2230 1213 enim
2248 1176 2414 1222 praemiis
2435 1176 2490 1212 in-

278 1241 367 1261 αυτο
401 1231 461 1261 καὶ
492 1225 787 1261 λυσιτελέστατον
818 1241 862 1278 ον
886 1237 1050 1272 ευροντες
1072 1225 1184 1260 πάλιν
1213 1227 1260 1260 εἰς
1282 1225 1351 1269 τὴν
1365 1228 1406 1261 20
1421 1228 1627 1269 corruptum
1662 1234 1741 1259 eum
1776 1225 1813 1259 et
1846 1223 1921 1259 eius
1957 1223 2114 1258 officium
2149 1231 2227 1258 esse
2258 1222 2420 1259 volumus
2454 1222 2492 1256 θίῐ

276 1275 297 1309 1
335 1271 522 1307 πολιτείαν
546 1271 780 1319 εἰςηγάγομεν.
816 1269 947 1316 “Ωςπερ
972 1270 1011 1304 δὲ
1027 1268 1141 1305 αὐτὸν
1164 1269 1351 1316 ἀδωρότα-

276 1331 342 1352 τον
366 1321 425 1351 nat
458 1318 525 1360 τὴν
550 1314 660 1350 αὐτοῦ
690 1317 797 1357 τάξιν
820 1317 912 1350 εἶναι
933 1315 1147 1360 βουλόμεθα
1178 1320 1237 1350 καὶ
1260 1314 1333 1360 μηδ
1340 1314 1347 1326 ²

278 1360 403 1397 ὁτιοῦν
435 1363 507 1402 ἔξω
538 1363 616 1396 τῶν
648 1359 736 1407 παρ>
762 1359 866 1406 ἡμῶν
897 1357 1110 1407 ὦρισμένων
1139 1360 1350 1406 λαμβάνειν,

278 1405 375 1442 οὕτω
410 1411 470 1441 καὶ
505 1404 674 1450 ἀζημίους
710 1404 838 1441 αὐτοὺς
873 1405 1123 1452 φυλάττεσθαι
1154 1405 1351 1451 κελεύομεν,

278 1457 338 1487 καὶ
369 1452 459 1497 μήτε
490 1452 670 1506 προφάσει
702 1454 779 1486 τῶν
810 1450 1126 1507 συμβόλωνὶμήτε
1156 1452 1249 1485 κατὰ
1283 1450 1351 1495 τὴν
1365 1454 1406 1486 25

278 1500 354 1532 τῶν
387 1498 566 1541 σιτήσεων
599 1510 786 1543 προφασιν
818 1510 909 1541 μητε
939 1510 1008 1530 κατ
1056 1495 1169 1540 ἄλλην
1204 1496 1352 1531 οἱανοῦν

280 1545 401 1577 αἰτίαν
430 1541 452 1586 ἢ
476 1544 515 1576 ἐν
539 1543 591 1585 τῷ
617 1543 712 1585 θείῳ
736 1540 840 1587 ἡμῶν
864 1541 1031 1585 παλατίῳ
1066 1540 1089 1585 ἢ
1113 1544 1152 1575 ἐν
1176 1543 1228 1585 τῷ
1253 1540 1352 1576 δικα-

280 1592 414 1633 στηρίῳ
439 1589 501 1631 τῆς
521 1589 583 1631 σῆς
604 1585 777 1633 ὑπεροχῆς
800 1586 975 1633 προφάσει
1002 1585 1196 1632 συμβόλων
1211 1585 1234 1630 ἢ
1249 1598 1351 1633 προς·

279 1632 420 1673 τάξεών
448 1646 484 1666 τι
515 1631 660 1667 διδόναι
689 1634 757 1667 νῦν
789 1631 811 1676 ἢ
842 1633 889 1666 εἰς
917 1632 984 1666 τὸν
1008 1634 1134 1667 ἔπειτα
1155 1631 1298 1678 χρόνον,
1329 1629 1352 1675 ἢ

279 1681 351 1711 τοῖς
375 1678 580 1731 προεστῶσι
611 1679 673 1721 τῆς
705 1679 964 1733 τραπεζηςήτῆς
988 1678 1050 1720 σῆς
1073 1674 1246 1722 ὑπεροχῆς
1266 1688 1352 1732 προ-
1366 1679 1407 1711 30
1423 1675 1484 1711 sed
1507 1675 1663 1719 undique
1693 1675 1742 1710 eis
1777 1685 1869 1720 pura.
1898 1674 2033 1710 servari
2066 1683 2158 1718 quae
2186 1675 2310 1710 nostra
2331 1673 2344 1709 l

281 1722 388 1770 φάσει
412 1735 591 1765 σιτησεων
614 1724 692 1756 τῶν
717 1720 766 1756 δι’
796 1735 919 1756 αυτων
947 1734 1031 1767 χορη
1057 1726 1220 1766 ουμένων
1252 1723 1351 1764 αυτῷ

281 1772 343 1810 [τε]
369 1766 391 1811 ἢ
413 1766 582 1813 παρέδρῳ
607 1766 629 1811 ἢ
652 1769 696 1814 τῇ
723 1765 832 1801 αὐτοῦ
857 1767 975 1807 τάξει,
999 1764 1021 1799 ά
1045 1766 1089 1800 λὰ
1114 1766 1354 1810 πανταχόθεν

282 1810 400 1847 αὐτοῖς
432 1812 581 1857 καθαρά
606 1812 857 1859 φυλάττεσθαι
888 1813 935 1846 τὰ
959 1813 1058 1857 παρὰ
1083 1813 1144 1855 τῆς
1167 1809 1273 1856 ημῶν
1297 1826 1353 1857 φι-

279 1858 440 1903 λοτιμίας
462 1855 645 1911 διδόμενα.
694 1854 835 1903 ἀρκέσει
863 1858 936 1912 γοὶρ>
962 1853 1103 1891 ἅπασιν
1135 1854 1220 1891 ἀντὶ
1243 1857 1354 1902 θερα-

280 1908 383 1938 πείας
415 1914 618 1958 πρεπουσης
647 1903 693 1936 τὰ
713 1907 869 1957 γνησίως
893 1901 1009 1936 αυτὸν
1031 1903 1262 1948 κυβερνῶντα
1286 1902 1355 1945 τὴν
1367 1903 1408 1936 35

280 1946 394 1994 ἀρχὴν
418 1946 558 1983 ἅπασιν
582 1947 866 1995 ωφελιμωτατον
891 1947 993 1981 εἶναι.

323 1992 591 2040 <Ἐπίλογος.>
636 1994 685 2027 Τὰ
706 1997 830 2027 τοίνυν
850 1993 903 2035 τῷ
928 1989 1088 2038 ἡμετέρῳ
1111 1991 1352 2037 παραστάντα

280 2039 403 2085 κράτει
431 2037 658 2085 γινώσκουσα
688 2035 710 2082 ἡ
743 2038 787 2082 σὴ
817 2035 971 2083 ὑπεροχὴ
996 2033 1146 2072 ἅπαντα
1173 2038 1221 2071 εἰς
1247 2038 1352 2084 ἔργον

1418 1269 1506 1304 nihil
1540 1272 1641 1304 extra
1669 1279 1759 1314 quae
1790 1279 1812 1303 a
1842 1269 1945 1304 nobis
1983 1268 2079 1303 dicta
2111 1269 2197 1304 sunt
2227 1267 2408 1312 accipere,
2439 1266 2492 1302 ita

1419 1314 1599 1349 indemnes
1632 1324 1692 1349 eos
1724 1314 1857 1349 servari
1886 1314 2061 1355 iubemus,
2092 1314 2130 1348 et
2156 1322 2271 1357 neque
2302 1311 2491 1352 occasione

1421 1359 1662 1395 codicillorum
1692 1369 1807 1404 neque
1838 1369 1902 1404 per
1926 1358 2149 1394 occasionem
2178 1366 2399 1397 annonarum
2429 1366 2491 1392 ne-

1421 1415 1488 1449 que
1522 1414 1586 1449 per
1621 1405 1726 1439 aliam
1763 1404 1958 1449 quamlibet
1991 1413 2138 1438 causam
2177 1406 2241 1438 aut
2277 1403 2315 1438 in
2350 1411 2492 1438 sacrum

1420 1453 1580 1485 nostrum
1604 1450 1776 1494 palatium
1802 1451 1865 1484 aut
1896 1449 1934 1484 in
1962 1448 2041 1484 foro
2074 1453 2158 1483 tuae
2189 1446 2407 1488 celsitudinis
2430 1456 2491 1483 oc-

1421 1496 1563 1530 casione
1588 1494 1830 1530 codicillorum
1861 1499 1925 1529 aut
1947 1495 2222 1538 praeceptorum
2253 1493 2298 1528 ali
2323 1491 2385 1528 uid
2407 1490 2492 1527 dare

1421 1550 1516 1575 nunc
1534 1542 1599 1574 aut
1616 1540 1653 1574 in
1671 1539 1792 1575 futuro
1813 1545 1982 1583 tempore,
2005 1539 2085 1584 <aut
2099 1538 2314 1583 praepositis
2349 1546 2493 1573 mensae

1421 1588 1505 1620 tuae
1526 1584 1745 1621 celsitudinis
1770 1585 1960 1620 occasione
1980 1584 2296 1619 emolumentorum
2318 1591 2410 1628 quae
2428 1592 2494 1628 per

1421 1641 1482 1666 eos
1507 1630 1755 1675 expenduntur
1785 1630 1817 1665 ei
1847 1633 1911 1665 aut
1935 1629 2135 1665 consiliario
2167 1632 2231 1664 ant
2259 1627 2335 1664 eius
2361 1626 2492 1707 οῖξιοίἑ),

2345 1676 2457 1717 argita
2474 1682 2494 1707 e

1422 1721 1563 1756 dantur.
1609 1719 1771 1756 Sufficiet
1795 1720 1888 1755 enim
1911 1719 2073 1754 omnibus
2104 1729 2170 1764 pro
2193 1717 2332 1754 medela
2354 1717 2494 1755 decenti

1421 1775 1585 1812 germane
1607 1775 1688 1800 eum
1704 1766 1961 1810 gubernantem
1985 1764 2163 1808 cingulum
2187 1762 2360 1800 universis
2383 1762 2492 1799 utilli-

1420 1822 1516 1846 mum
1539 1819 1629 1846 esse.

1463 1989 1733 2036 <Epilogus.>
1771 1989 1873 2031 ,Quae
1895 1987 2004 2034 igitur
2027 1991 2171 2024 nostrae
2194 1987 2409 2033 placuerunt
2427 1997 2493 2033 po-

1420 2037 1558 2078 testati,
1593 2043 1811 2080 coguoscens
1833 2038 1898 2069 tna
1918 2033 2090 2069 celsitudo
2116 2034 2234 2069 omnia
2257 2032 2304 2068 ad
2327 2032 2494 2069 effectum

280 2197 385 2232 bitur.
433 2195 474 2231 Si
498 2205 591 2241 quos
613 2205 695 2230 vero
724 2193 768 2229 de
789 2193 915 2240 officio
938 2204 1004 2229 suo
1021 2193 1208 2240 placuerit
1236 2193 1270 2229 ei
1292 2193 1330 2227 in
1353 2191 1570 2228 stationibus
1594 2201 1687 2237 quae
1711 2194 1813 2225 trans
1835 2200 1935 2225 mare
1962 2193 2046 2225 sunt
2069 2189 2260 2232 collocare,
2290 2189 2356 2236 qui
2375 2193 2412 2226 et
2432 2200 2496 2227 eos

307 2243 346 2276 ui
367 2241 591 2277 extrinsecus
614 2239 809 2275 adveniunt
825 2243 1103 2285 perscrutentur
1126 2243 1163 2274 et
1175 2249 1235 2274 eos
1258 2238 1322 2285 qui
1344 2238 1428 2273 lzinc
1445 2236 1672 2272 dimittuntur
1691 2234 1927 2281 suscipientes
1949 2234 1987 2270 in
2002 2234 2218 2282 provincias
2238 2235 2495 2279 transmittant,

307 2296 350 2323 oc
373 2297 515 2333 quoque
538 2290 627 2332 aqat
648 2285 868 2330 reipublicae
893 2284 1082 2320 utilitatem
1104 2295 1173 2330 per
1196 2284 1318 2320 omnia
1338 2287 1491 2319 sectans.

416 2331 461 2366 X.
511 2330 613 2365 Haec
638 2330 760 2365 omnia
782 2329 964 2364 sancimus
994 2329 1162 2366 subiectis
1192 2329 1328 2365 nostris
1356 2327 1639 2379 prospicientes,
1669 2337 1715 2362 ne
1735 2325 1870 2372 patriis
1891 2325 1969 2360 suis
1992 2324 2196 2361 civitatibus
2216 2324 2354 2361 relictis
2376 2324 2435 2361 hic
2456 2326 2496 2361 in

282 2377 426 2412 miseria
455 2380 654 2418 versentur,
694 2375 783 2421 quin
812 2375 915 2420 forte
946 2374 1150 2410 moriantur
1188 2374 1296 2410 rebus
1324 2374 1401 2409 suis
1429 2372 1568 2426 privati
1603 2382 1647 2407 ac
1680 2382 1724 2406 ne
1754 2370 1933 2417 sepulcris
1963 2370 2105 2417 quidem
2131 2370 2298 2417 paternis

2354 2370 2497 2408 otituri:

281 2423 451 2468 quoniam
476 2422 583 2457 etiam
608 2421 673 2466 qui
695 2424 779 2455 ante
802 2431 870 2455 nos
893 2420 991 2465 leqes
1016 2419 1176 2455 tulerunt
1197 2423 1234 2455 et
1255 2430 1315 2454 res
1330 2417 1501 2466 publicas
1526 2416 1791 2452 constituerunt
1821 2415 1876 2451 his
1900 2426 1973 2450 non
1999 2414 2115 2451 obiter
2138 2426 2286 2460 operam
2335 2415 2496 2458 ederunt,

282 2478 404 2503 verum
437 2471 472 2502 et
504 2466 716 2502 cessationis
747 2465 924 2510 quaedam
957 2465 1053 2500 actio
1084 2469 1166 2500 erat
1196 2468 1233 2500 et
1286 2465 1538 2510 ereqrinorum
1568 2472 1628 2497 res
1658 2471 1782 2497 omnes
1809 2459 1963 2496 sollicite
1988 2459 2322 2507 perscrutabantur.
2371 2459 2498 2507 Neque

282 2523 412 2548 novum
429 2511 528 2546 istud
542 2515 597 2546 est
611 2516 676 2546 aut
692 2510 876 2545 insolitum
900 2520 950 2546 ex
964 2520 1084 2545 rerum
1101 2520 1169 2545 usu
1185 2513 1243 2545 stu
1269 2509 1353 2551 ium,
1378 2508 1442 2544 sed
1457 2507 1587 2543 bonum
1605 2510 1641 2542 et
1655 2507 1732 2541 anti
1760 2516 1862 2549 uum,
1884 2504 1983 2552 quod
1999 2509 2116 2541 tamen
2131 2505 2332 2551 neqlectum
2354 2505 2497 2542 interim

280 2568 350 2603 per
373 2567 450 2592 eam
473 2567 567 2602 quae
591 2556 712 2591 omnia
736 2555 949 2591 detrimento
974 2555 1095 2601 afficit
1117 2554 1323 2590 socordiam
1339 2553 1536 2600 paullatim
1556 2551 1725 2599 periclita
1749 2555 1834 2587 atur
1857 2550 2041 2596 corrumpi
2060 2554 2095 2586 et
2114 2550 2258 2597 perimi,
2292 2549 2407 2588 donec
2429 2561 2498 2588 nos

283 2604 304 2638 1
350 2608 595 2648 opportunum
619 2605 654 2636 et
676 2600 901 2636 utilissimum
925 2601 964 2635 id
986 2611 1064 2636 esse
1087 2600 1234 2646 experti
1256 2600 1293 2634 in
1317 2597 1574 2645 rempublicam
1597 2596 1713 2632 denuo
1737 2595 2015 2631 introduximus,
2083 2593 2387 2638 Quemadmodum
2410 2606 2496 2632 vero

284 2647 555 2692 inteqerrimum
587 2645 759 2681 adversus
790 2645 887 2680 dona
918 2646 1035 2692 ipsum
1067 2646 1215 2690 eiusque
1246 2644 1410 2690 officium
1441 2653 1518 2678 esse
1546 2641 1725 2683 volumus,
1756 2651 1871 2686 neque
1893 2640 2085 2686 quicquam
2116 2639 2258 2676 omnino
2283 2644 2432 2687 praeter
2452 2651 2497 2682 ea

285 2703 378 2738 quae
394 2702 416 2726 a
432 2691 536 2726 nobis
551 2691 700 2735 definita
719 2694 803 2725 sunt
819 2692 996 2736 accipere,
1020 2690 1073 2726 ita
1089 2690 1195 2725 etiam
1212 2689 1396 2724 indemnes
1411 2688 1511 2734 ipsos
1525 2686 1663 2722 servari
1685 2685 1856 2728 iubemus,
1879 2695 1994 2731 neque
2011 2690 2075 2719 aut
2092 2683 2340 2720 codicillorum
2354 2685 2498 2721 nomine

286 2742 351 2771 aut
372 2747 439 2782 per
462 2746 689 2770 annonarum
722 2736 945 2770 occasionem
977 2740 1042 2771 aut
1064 2735 1139 2770 alia
1162 2734 1414 2780 qualicumque
1443 2732 1487 2767 de
1510 2742 1622 2766 causa
1653 2731 1726 2766 sive
1757 2731 1795 2764 in
1823 2740 1930 2765 sacro
1962 2732 2088 2764 nostro
2106 2728 2253 2775 palatio
2283 2729 2357 2766 sive
2383 2729 2422 2765 in
2442 2730 2496 2765 iu-

285 2781 380 2817 dicio
405 2786 487 2816 tuae
510 2780 738 2815 sublimitatis
760 2781 903 2815 nomine
925 2779 1175 2815 codicillorum
1197 2782 1261 2815 aut
1284 2778 1482 2813 iussionum
1506 2776 1699 2822 quicquam
1723 2774 1813 2810 dare
1843 2778 1909 2810 aut
1930 2784 2027 2825 nunc
2057 2778 2122 2809 aut
2143 2774 2306 2820 sequenti
2325 2777 2496 2821 tempore,

285 2827 359 2861 sive
380 2826 602 2872 praepositis
628 2836 770 2860 mensae
803 2830 885 2860 tuae
913 2825 1143 2860 sublimitatis
1171 2834 1399 2860 annonarum
1426 2823 1570 2857 nomine
1599 2831 1694 2867 quae
1720 2830 1789 2866 per
1811 2829 1874 2855 eos
1904 2819 1973 2866 ipsi
2006 2818 2061 2854 vel
2084 2819 2260 2854 assessori
2290 2819 2347 2855 vet
2368 2819 2496 2865 officio

286 2872 362 2907 eius
383 2875 631 2917 praestantur,
661 2870 726 2905 sed
748 2869 906 2915 undique
930 2870 975 2904 iis
991 2880 1094 2916 pura
1115 2869 1256 2905 servari
1283 2879 1377 2915 quae
1400 2878 1423 2902 a
1447 2865 1662 2901 liberalitate
1685 2868 1812 2900 nostra
1834 2863 1979 2898 dantur.
2034 2861 2204 2907 Sufficiet
2225 2864 2318 2899 enim
2345 2874 2418 2912 pro
2441 2875 2497 2901 re—

286 2916 402 2952 medio
427 2916 556 2951 idoneo
581 2914 754 2956 omnibus,
777 2914 877 2960 quod
897 2915 958 2950 ille
982 2914 1330 2950 administrationem
1354 2912 1510 2959 leqitime
1531 2910 1738 2958 qubernans
1762 2908 1926 2944 omnibus
1947 2907 2159 2959 utilissimus
2179 2907 2331 2954 futurus
2354 2914 2416 2946 est.

423 2960 667 3007 Epiloqus.
714 2958 814 3002 Quae
831 2959 946 3005 iqitur
970 2964 1118 2994 nostrae
1134 2959 1312 3006 potestati
1333 2958 1550 3005 placuerunt
1573 2964 1793 3002 coqnoscens
1818 2958 1880 2989 tua
1898 2953 2098 2988 sublimitas
2122 2953 2242 2988 omnia
2264 2953 2315 2990 ad
2333 2953 2498 3000 effectum

347 3122 363 3154 1
389 3119 448 3151 καὶ
473 3130 531 3151 om.
556 3129 575 3153 ς
592 3116 605 3160 ΙΙ
621 3113 777 3149 συνείδοι
800 3116 846 3149 Μ
855 3117 868 3159 ΙΙ
894 3117 913 3149 3
937 3119 1014 3149 ταῖς
1037 3117 1083 3149 L¹
1100 3117 1113 3159 ΙΙ
1137 3119 1157 3150 6
1181 3116 1361 3161 θηρεῦσαι

288 3166 339 3200 B‘
362 3164 447 3198 unde
470 3159 652 3207 θηρεύσας
677 3161 855 3194 ΗείηιὸαεΙι
880 3160 892 3203 ΙΙ
921 3163 961 3194 12
985 3163 1253 3204 συστησαμένης
1275 3162 1327 3196 13⁶
1349 3164 1361 3207 1]

286 3212 333 3245 ’14
356 3203 403 3252 ἦν
425 3217 478 3242 τις
501 3207 591 3247 ΜΒ]
623 3209 678 3240 τίς
699 3199 745 3248 ἦν
769 3206 801 3238 L
827 3203 839 3249 ΙΙ
870 3207 909 3239 15
932 3203 1153 3259 πράγμασιν]
1178 3205 1361 3252 πατράσιν

289 3255 485 3289 Haloander
498 3253 528 3295 (c
546 3276 554 3285 .
573 3253 650 3286 Cod.
668 3252 719 3286 11.
734 3258 770 3284 26
785 3251 862 3292 (25))
878 3250 891 3293 ΙΙ
913 3252 952 3283 16
973 3251 1050 3283 ἐστὶ
1074 3258 1105 3284 et
1128 3248 1218 3283 αλλὰ
1240 3265 1297 3285 om.
1312 3264 1330 3288 ς
1350 3251 1361 3296 ΙΙ

288 3302 349 3334 καὶ
374 3312 431 3333 om.
453 3299 503 3332 L⁰
529 3297 592 3341 118
618 3293 819 3329 ἐκινδύνευε
844 3295 896 3336 M]
922 3291 1147 3328 ἐκινδύνευσε
1170 3296 1291 3347 131120
1315 3292 1361 3330 δν

289 3347 336 3379 Μ
351 3345 364 3389 1}
389 3346 430 3379 21
456 3339 695 3419 εἰςηγάγομειὲ
732 3339 976 3373 introducimus
999 3351 1019 3375 ς
1047 3339 1059 3383 ΙΙ
1089 3336 1141 3390 δέ]
1174 3350 1261 3373 enim
1286 3354 1305 3377 ς
1350 3342 1360 3383 ΙΙ

290 3392 333 3426 23
358 3386 571 3434 ὡρισμένων
590 3387 646 3428 Μ]
694 3386 922 3430 ιωρισμένων
942 3385 973 3417 L
990 3385 1002 3428 ΙΙ
1021 3385 1064 3418 24
1084 3380 1181 3418 οὕτω
1205 3387 1276 3426 καὶ]
1301 3388 1360 3418 καὶ

1429 3115 1525 3149 RT*
1544 3115 1643 3159 vulq,
1667 3113 1820 3146 ciuitates
1842 3125 1870 3146 e.
1889 3124 1921 3144 υ.
1944 3111 1996 3145 T²
2022 3110 2035 3155 ss
2066 3113 2086 3145 5
2109 3121 2169 3154 per
2191 3110 2303 3145 omnia
2325 3124 2385 3146 om.
2406 3111 2454 3145 V¹
2485 3112 2499 3157 η

1430 3162 1450 3195 9
1462 3162 1633 3193 aterantur
1644 3159 1677 3192 R
1691 3157 1704 3203 ΙΙ
1725 3160 1766 3192 10
1780 3158 1934 3190 fruantur
1950 3156 1978 3188 V
1994 3155 2201 3201 {sepulturus
2218 3157 2266 3190 V·
2285 3157 2297 3199 [1
2313 3159 2345 3189 et
2356 3158 2444 3199 ante]
2466 3159 2499 3190 et

1429 3218 1488 3239 om.
1510 3204 1566 3249 Vl}
1585 3206 1623 3240 11
1643 3205 1714 3245 nos]
1737 3213 1840 3236 annos
1857 3202 1908 3236 T¹
1926 3201 1939 3246 ΙΙ
1958 3203 1972 3235 1
2017 3212 2084 3234 non
2101 3202 2202 3244 cula]
2227 3212 2287 3235 nos
2309 3201 2421 3243 RVT,
2435 3202 2496 3237 del.

1437 3249 1487 3284 V³
1502 3249 1515 3293 ΙΙ
1536 3250 1575 3284 13
1590 3249 1749 3291 quaedam
1762 3248 1864 3292 only]
1882 3246 2016 3289 quidam
2032 3246 2067 3280 V
2083 3246 2239 3288 quiddam
2252 3247 2320 3281 ΕΤ
2330 3247 2343 3290 ΙΙ
2363 3249 2405 3282 14
2422 3257 2497 3290 pere

1429 3295 1667 3328 scrutabuntur
1692 3294 1784 3334 libri,
1808 3305 1890 3326 corr.
1903 3292 1962 3324 vul
1985 3316 1992 3324 .
2012 3291 2024 3333 ΙΙ
2039 3298 2105 3325 nou
2126 3291 2174 3325 12¹
2191 3294 2203 3334 ΙΙ
2226 3294 2266 3326 15
2283 3291 2416 3333 bonum]
2441 3290 2498 3325 sed

1428 3340 1551 3373 bonum
1565 3340 1656 3373 Beck
1673 3338 1685 3382 ΙΙ
1705 3339 1745 3374 16
1756 3337 1899 3371 medium
1912 3336 1946 3369 R
1982 3336 2170 3370 uniuersale
2183 3337 2281 3371 dente
2298 3335 2347 3371 V¹
2363 3335 2376 3381 ΙΙ
2395 3338 2435 3371 17
2449 3338 2499 3369 est

1429 3397 1487 3418 om.
1508 3382 1564 3428 Vll
1586 3385 1626 3418 18
1650 3383 1819 3416 utilimum
1843 3382 1876 3415 Τ
1884 3382 1892 3402 ¹
1917 3381 2072 3414 ultimum
2094 3383 2126 3415 R
2144 3382 2156 3424 11
2174 3383 2215 3416 19
2226 3381 2381 3426 praemiis
2397 3382 2498 3415 om·

1429 3431 1582 3472 bru‘yyen]
1618 3429 1810 3471 praebemus
1834 3426 1913 3462 libri
1939 3427 1951 3468 ΙΙ
1980 3427 2021 3460 20
2045 3429 2080 3459 et
2103 3426 2191 3461 nihil
2211 3427 2314 3471 vuly.]
2348 3429 2388 3467 ut
2409 3424 2498 3459 nihil

1429 3474 1506 3507 libri
1519 3472 1532 3518 ΙΙ
1562 3474 1601 3508 21
1629 3476 1722 3507 extra
1745 3473 1839 3516 quae]
1864 3481 1902 3504 ex
1927 3473 2068 3513 utraque
2091 3471 2170 3515 13¹ss
2196 3473 2239 3507 22
2263 3474 2296 3505 et
2318 3472 2437 3514 neque]
2457 3472 2498 3505 ut

1427 3528 1534 3560 neque
1556 3518 1649 3562 RTn
1667 3520 1708 3554 23
1724 3529 1783 3562 per
1803 3517 1972 3550 occasione
1991 3517 2089 3560 RVn
2116 3517 2157 3551 25
2181 3517 2217 3550 in
2242 3517 2350 3551 sorum
2372 3516 2462 3561 vulq.
2485 3514 2498 3560 [Ι

1429 3565 1470 3598 27
1495 3566 1553 3596 aut
1575 3563 1771 3607 praepositi·
1793 3563 1912 3596 addidi
1931 3562 1944 3604 ΙΙ
1967 3563 2009 3596 28
2033 3572 2099 3604 qua
2121 3563 2150 3595 V
2173 3562 2186 3605 ΙΙ
2208 3563 2250 3598 29
2274 3562 2497 3595 extenduntur

1438 3608 1471 3642 V
1515 3608 1726 3643 consciliario
1749 3608 1818 3642 ΒΤ
1831 3606 1845 3651 ΙΙ
1866 3608 1908 3641 32
1933 3606 2110 3640 uniuersus
2131 3607 2180 3641 R'
2205 3607 2383 3641 uniuerso·
2410 3605 2462 3640 V¹
2485 3606 2498 3649 ss

1428 3652 1477 3685 ut·
1495 3652 1598 3687 imum
1621 3653 1708 3688 RT¹
1729 3652 1743 3698 ΙΙ
1769 3653 1812 3687 38
1837 3662 2038 3694 cognoscens
2063 3664 2121 3685 om.
2139 3652 2208 3685 ΒΤ

290 3449 348 3470 om.
364 3447 383 3472 ς
402 3436 414 3479 ΙΙ
438 3436 479 3469 27
505 3433 622 3466 αἰτίας
645 3433 696 3465 L⁰
711 3432 725 3475 ΙΙ
754 3433 796 3465 28
828 3427 1022 3473 συμβόλων
1046 3448 1088 3454 —-
1113 3431 1155 3464 30
1180 3429 1360 3475 προφάσει

290 3494 349 3515 om.
364 3482 413 3514 B⁶
428 3478 442 3520 ΙΙ
460 3481 499 3514 31
526 3478 809 3524 χωρηγουμένιον
822 3475 894 3509 ML
912 3474 925 3519 ss
941 3475 983 3509 32
1007 3485 1047 3507 τε
1062 3476 1180 3509 seclusi
1196 3473 1246 3519 1Ιῆ
1269 3487 1359 3520 παρ-

290 3523 395 3571 έδρῳ]
419 3521 443 3567 ἦ
463 3523 516 3566 τῷ
538 3518 648 3556 αὐτοῦ
673 3518 841 3567 παρέδρῳ
861 3521 952 3554 malit
972 3519 1160 3554 Zachariae

348 3618 362 3649 1
390 3614 594 3657 prospexerit
618 3613 653 3646 R
683 3612 696 3655 n
732 3613 753 3646 2
775 3610 928 3654 portibus
955 3611 1183 3655 osenbrcqqen
1215 3611 1271 3651 (id.
1295 3609 1359 3644 Iul.

294 3673 319 3694 c.
334 3662 423 3701 277)]
447 3659 596 3701 partibus
622 3659 698 3692 libri
723 3657 736 3701 ΙΙ
765 3658 784 3691 3
809 3657 979 3690 uenientes
999 3656 1093 3697 VT2]
1126 3654 1360 3688 conuenientes
