2476 3854
1167 83 1253 130 754

99 195 248 233 εὔπορος
277 198 348 241 εἴη,
381 193 485 231 οῦδὲν
517 194 745 237 ἐνοχλεῖσθαι
775 193 859 228 τοὺς
885 193 926 228 ἐν
955 197 1211 239 πρεσβυτέροις
1239 193 1380 241 χρόνοις
1409 194 1473 230 τὰς
1502 194 1641 241 κτήσεις
1671 195 1861 241 ἐσχηκότας
1890 196 1913 243 ἢ
1942 199 2007 235 τὰς
2031 202 2180 236 ἐκείνων
2202 198 2324 237 οὗσίας

99 255 127 278 π
152 232 273 286 οςήκει.
322 244 380 276 καὶ
411 242 528 276 ταῖτα
553 242 620 284 μὲν
650 235 766 274 οὕτως
797 237 1041 281 διατετάχθω.
1088 239 1153 274 τὰς
1176 238 1219 274 δέ
1232 254 1274 286 γε
1296 241 1373 275 τῶν
1394 237 1549 285 ἀπόρων
1573 241 1753 287 ἐπιβολάς,
1777 242 1828 277 οἷς
1851 240 1944 279 ὅλως
1963 246 2159 288 ἐπαχθεῖεν
2182 245 2324 282 πολλοῖς

98 301 118 323 ο
142 298 179 321 σι
209 291 269 321 καὶ
299 290 368 329 τὴν
399 284 514 328 αὐτὴν
545 287 708 327 ἐπέχουσι
740 283 847 324 τάξιν
880 282 903 327 ἢ
934 286 991 317 καὶ
1020 282 1166 331 ὀλίγοις,
1197 282 1383 332 ἀναλόγως
1414 287 1477 329 τῆς
1507 285 1613 331 οὔσης
1642 284 1726 333 παρ’
1756 285 1876 323 αὐτοῖς
1906 291 1945 323 ἐκ
1975 291 2038 334 τῆς
2064 287 2173 334 αὐτῆς
2202 288 2324 326 οὐσίας

98 330 252 378 εὐπόρου
283 330 439 375 κτήσεως
468 326 564 364 καθ’
588 327 802 373 οἰονδήποτε
832 328 972 373 τρόπον
1000 331 1185 376 γίνεσθαι,
1211 333 1272 365 καὶ
1301 331 1501 374 τηνικαῦτα
1531 331 1574 366 τὸ
1599 333 1675 367 τῶν
1699 332 1913 368 συντελειῶν
1935 335 2045 381 βάρος
2067 334 2159 381 ὑπὲρ
2180 334 2324 371 τούτων

99 376 219 412 αὐτοῖς
245 376 465 422 ἐπάγεσθαι,
495 373 602 418 ἡνίκα
633 377 692 408 καὶ
723 374 792 417 τὴν
822 372 961 419 ἄπορον
992 372 1111 409 αὐτοῖς
1141 376 1270 418 κτῆσιν
1300 373 1486 422 ἀναλόγως
1515 375 1775 422 παραδοθῆναι
1803 382 1978 423 συμβαίη,
2009 377 2032 423 ἢ
2063 377 2127 415 ὅτε
2157 379 2247 426 πρὸς
2276 378 2320 415 τὸ
2346 384 2367 418 5

98 421 323 500 παραλαβὲῖν
353 418 489 463 ταίτην
520 417 645 454 αὐτοὺς
671 415 974 466 ἇπαγορεύσειαν·
1004 418 1076 467 πρὸ
1100 419 1229 455 τούτου
1253 417 1338 455 οὐδὲ
1361 418 1504 455 δίκαιόν
1526 423 1605 457 ἐστί
1626 436 1709 458 τινα
1732 426 1810 458 ταῖς
1833 424 1924 469 ὑπὲρ
1947 425 2090 460 τούτων
2109 425 2324 461 συντελείαις

126 479 253 501 (ΙΟῙΓνΕσ
291 479 339 499 (ll.

96 472 124 513 β
149 501 162 514 “
230 510 348 555 (Ἐπί
356 508 518 555 horos.)
557 505 660 543 ’Ὡςτε
689 508 866 555 πρόνοιαν
897 508 964 552 τὴν
995 507 1063 552 σὴν
1094 508 1333 555 λαμπρότητα
1357 510 1586 555 ποιήσασθαι
1611 510 1666 546 δεῖ
1684 513 1801 548 ταῦτα
1824 514 1917 548 κατὰ
1940 514 2072 548 τοῦτον
2094 515 2162 555 τὸν
2184 513 2324 568 τρόπον

96 555 337 598 ἐξετάζεσθαί
363 567 403 590 τε
433 557 492 589 καὶ
523 557 698 598 προϊέναι.
746 554 777 588 εἰ
798 554 868 600 γὰο
891 554 940 598 μὴ
963 555 1079 589 ταῦτα
1104 554 1418 600 παραφυλαχθείη,
1441 555 1542 591 καθὰ
1566 554 1797 603 διωρίσαμεν,
1821 558 1905 593 ἴσθι
1929 558 2062 602 ποινὴν
2084 556 2158 604 ἅμα
2177 572 2223 606 τῃ
2246 572 2323 595 πει·

96 603 237 648 θομένῃ
270 613 327 635 σοι
363 598 461 654 τᾴξει
485 596 555 633 ἀνὰ
578 598 664 634 δέκα
680 602 823 656 χρυσίου
846 590 983 644 λιτρῶν
1006 599 1235 643 καταθήσων
1258 600 1281 644 ἢ
1305 604 1365 635 καὶ
1385 602 1501 646 ἑτέρᾳ,
1525 599 1573 636 ὥς
1595 602 1698 647 εἰκός,
1723 602 1925 648 ἐπιτιμήσει
1947 605 2084 647 μείζονι
2109 602 2320 651 περιπεσού·
2345 610 2386 644 10

94 657 214 691 μενος,
247 643 352 680 οὐδὲν
383 657 495 687 ηττον
529 646 607 679 τῶν
637 657 713 692 παρ
755 641 861 689 ἡμῶν
892 642 1144 690 διωρισμένων
1170 648 1230 679 καὶ
1260 641 1377 681 οὕτως
1406 649 1553 691 κρατεῖν
1582 644 1817 693 ὀφειλόντων,
1863 648 1995 692 ταύτης
2023 648 2092 695 γὰρ
2123 650 2229 684 ἕνεκα
2260 650 2324 694 τῆς

95 693 211 726 αἰτίας
233 693 294 725 καὶ
317 687 522 735 Νικομήδης
545 691 584 724 ἐκ
605 690 668 734 τῆς
690 691 863 736 ἡμετέρας
886 687 1110 725 ἀπέσταλται
1134 689 1278 731 τάξεως.

101 87 208 131 Nov.
229 85 422 130 CLXVII
450 99 511 142 pr.
536 87 554 129 1
1864 101 2111 135 acuamus
2139 104 2322 137 MAXIMA

1156 850 1255 894 ΡἮ

93 926 416 981 ΓΕΝΙΚΟΣ
455 925 817 979 ΜΕΓΙΣΤΟΣ
855 926 1098 980 ΤῨΠΟΣ
1135 926 1315 982 ΠΕΡΙ
1351 925 1495 980 ΤΟΥ
1529 926 1676 981 ΠῼΣ
1706 928 1820 981 ΔΕΙ
1856 928 2322 983 ΣΤΕΛΛΕΣΘΑΙ

231 995 366 1048 Em
407 993 675 1047 ΝΟΜΗΣ
718 993 1003 1047 ΒΑΣΣΟῩ
1044 994 1188 1047 TOY
1229 993 1757 1049 ΕΝΔΟΞΟΤΑΤΟῩ
1804 995 2174 1049 EHAPXOY·
2346 1013 2387 1049 15

190 1072 349 1118 Φλάβιος
372 1076 531 1119 Κομίτας
557 1071 742 1119 Θεόδωρος
764 1073 907 1108 Βάσσος
930 1071 967 1108 οἷ
981 1072 1360 1121 μεγαλοπρεπέστατοι
1384 1074 1534 1118 ἔπαρχοι
1558 1075 1636 1108 τῶν
1659 1074 1768 1120 ἱερῶν
1788 1079 2025 1120 πραιτωρίων
2047 1074 2219 1123 λέγουσιν.

225 1142 523 1188 (Προοίμιον.)
575 1141 624 1175 Τὰ
647 1142 714 1185 μὲν
738 1138 841 1184 ἄλλα,
872 1136 942 1175 ὅσα
967 1138 1181 1185 διετυπιύθη
1205 1142 1302 1187 παρὰ
1321 1141 1399 1176 τῶν
1422 1139 1610 1187 ἡμετέρων
1634 1140 1801 1187 θρόνων,
1825 1145 1885 1176 καὶ
1908 1143 1949 1177 ἐν
1967 1145 2098 1177 κοινοῖς
2121 1140 2322 1186 δηλούμενα

88 1185 298 1234 γράμμασιν
329 1185 352 1230 ἢ
383 1190 442 1221 καὶ
476 1185 595 1221 ἄλλοις
648 1188 774 1220 ενικοῖς
803 1186 931 1221 τύποις
960 1187 1024 1242 τῆς
1052 1185 1223 1232 ἡμετέρας
1261 1184 1369 1233 ἀρχῆς
1400 1183 1422 1230 ἢ
1446 1190 1529 1232 περὶ
1552 1188 1629 1221 τῶν
1653 1189 1860 1234 ἐπιχωρίων
1882 1183 2074 1233 ἀρχόντων
2096 1190 2157 1222 καὶ
2179 1186 2323 1230 τάξεων

89 1236 150 1266 καὶ
182 1229 276 1267 ὅλως
306 1229 523 1275 άπαιτητῶν
553 1230 612 1265 δια
636 1233 825 1278 εγομένοις,
856 1228 951 1265 καθ’
978 1229 1024 1266 ὃν
1055 1232 1185 1266 αὐτοὺς
1216 1229 1290 1266 δέοι
1321 1229 1459 1277 τρόπον
1488 1234 1561 1267 τοῖς
1593 1229 1764 1276 ὑπηκόοις
1795 1232 2075 1278 προςφέρεσθαι,
2105 1229 2128 1276 ἢ
2152 1233 2322 1279 περὶτῆς

89 1279 167 1312 τῶν
191 1275 365 1320 ὑπηκόων
385 1274 509 1312 αὐτῶν
533 1278 573 1311 ἐν
596 1280 669 1311 τοῖς
692 1275 988 1323 συναλλάγμασιν
1012 1273 1218 1321 ὀρθότητος
1239 1280 1298 1311 καὶ
1321 1279 1384 1320 τῆς
1407 1279 1489 1322 περὶ
1512 1276 1576 1312 τὰς
1598 1275 1754 1322 εὐσεβεῖς
1776 1279 1934 1324 εἰςφορὰς
1947 1276 2229 1324 εὐγνωμοσύνης,
2252 1277 2321 1322 τὴν
2345 1284 2388 1318 20

89 1323 231 1356 ἑαυτῶν
254 1324 348 1366 ἐχειν
372 1322 475 1365 ἰσχὺν
496 1320 710 1368 βουλόμεθα
732 1324 793 1355 καὶ
817 1323 856 1355 ἐκ
882 1323 944 1365 τῆς
967 1320 1148 1368 παρούσης
1170 1322 1276 1366 ἡμῶν
1299 1322 1532 1368 προςτάξεως,
1554 1323 1666 1357 έκεῖνο
1690 1321 1729 1358 δὲ
1751 1327 1973 1370 σαφέστερον
1994 1325 2051 1358 ἔτι
2073 1321 2319 1370 προςδιορίσα-

89 1368 182 1402 σθαι
207 1365 282 1402 δεῖν
305 1371 477 1414 ἔγνωμεν.

1107 1412 1266 1449 CAPUT
1290 1413 1319 1450 Ῑ.

148 1524 156 1536 ‘
225 1481 271 1515 Εἰ
286 1478 357 1536 γάρ
381 1491 434 1515 τις
457 1477 626 1524 ἀκινήτου
649 1479 748 1515 τινὸς
771 1478 1037 1523 αντιλαβέσθαι
1060 1478 1279 1523 σπουδάζων
1303 1478 1450 1525 ἀρχικὰς
1474 1479 1614 1526 ψήφους
1636 1482 1833 1535 πορίσοιτο,
1857 1480 1918 1515 ἐπὶ
1939 1481 2008 1525 μὲν
2029 1481 2093 1524 τῆς
2112 1476 2323 1524 εὗδαίμονος

87 1537 221 1570 ταυτης
243 1525 383 1561 πολεως
410 1523 551 1572 ἀρκέσει
574 1525 684 1568 τυχὸν
704 1523 726 1569 ἡ
750 1522 851 1566 τάξις
873 1524 941 1568 τὴν
961 1523 1093 1569 σχολὴν
1113 1527 1346 1571 μαρτυροῦσα
1368 1526 1433 1569 τῆς
1453 1526 1531 1560 τῶν
1554 1537 1782 1571 πραγματων
1803 1524 1948 1560 τούτων
1970 1526 2088 1569 νομῆς,
2111 1526 2143 1559 εἰ
2161 1528 2221 1560 καὶ
2243 1526 2323 1560 τῶν

222 1605 308 1640 Nov.
331 1605 504 1639 CLXVII
524 1606 556 1639 in
581 1605 765 1638 collectione
789 1605 960 1638 edictorum
983 1606 1091 1649 praef.
1104 1613 1211 1649 praet.
1229 1606 1272 1640 24
1287 1605 1457 1639 seeundum
1474 1605 1610 1638 indicem
1627 1604 1800 1638 Marciani
1815 1611 1845 1638 et
1859 1605 2003 1639 scholion
2019 1605 2067 1639 ad
2079 1617 2152 1640 nov.
2170 1604 2326 1640 CLXIII

93 1651 218 1685 Graece
241 1658 361 1684 tantum
386 1658 476 1684 extat
499 1652 531 1684 in
556 1650 576 1684 l.
630 1650 710 1693 Gap.
726 1649 751 1682 I
760 1651 832 1692 suit
856 1651 889 1683 in
913 1649 949 1683 B
966 1651 1021 1691 56,
1038 1657 1070 1684 21
1103 1651 1187 1685 unde
1215 1651 1297 1684 libro
1330 1661 1415 1685 nunc
1444 1650 1612 1694 deperdito
1635 1661 1714 1684 usus
1737 1651 1839 1684 edidit
1866 1650 2017 1685 G'uiacius
2041 1662 2150 1694 expos.
2178 1650 2254 1685 137.
2278 1667 2323 1675 -

88 1696 179 1740 Epit.
205 1708 301 1730 anon.
325 1696 428 1730 Bodl.
454 1696 558 1739 (apud
581 1707 670 1739 quem
695 1701 742 1728 est
765 1696 813 1728 ed.
831 1695 865 1737 2)
884 1706 921 1738 p.
937 1695 1003 1729 266
1026 1695 1131 1729 Zach-

87 1840 230 1877 etiamsi
259 1839 394 1876 multae
424 1838 649 1875 intercedant
677 1837 929 1874 successiones.
977 1836 1158 1882 Quamdiu
1180 1838 1272 1875 enim
1294 1837 1539 1885 propinquior
1563 1837 1645 1874 locu
1674 1838 1725 1873 les
1746 1842 1810 1881 est,
1830 1838 1865 1874 ei
1879 1838 1952 1918 'qui
1974 1838 2217 1875 anterioribus
2238 1841 2322 1875 tem-

87 1886 238 1932 poribus
265 1886 516 1932 possessiones
547 1883 751 1919 habuerunt
781 1883 838 1919 vel
869 1883 1014 1919 illorum
1050 1884 1145 1919 bona
1176 1884 1279 1919 nulla
1302 1884 1466 1919 molestia
1490 1882 1595 1928 affici
1644 1882 1757 1919 ebent.
1805 1882 1856 1919 Et
1904 1893 1967 1920 aec
1997 1883 2139 1929 quidem
2168 1883 2222 1919 ita
2248 1884 2322 1919 sint

87 1931 276 1977 disposita.
322 1930 549 1966 Adiectiones
572 1931 690 1964 autem
713 1928 900 1970 sterilium,
931 1928 1203 1975 quibuscunque
1225 1929 1471 1975 imponuntur,
1491 1929 1565 1963 sive
1587 1927 1710 1963 multis
1732 1928 1953 1974 eundemque
1976 1928 2139 1964 ordinem
2161 1927 2322 1965 obtinen-

90 1976 183 2012 tibus
212 1976 286 2012 sive
315 1976 460 2022 paucis,
489 1984 560 2022 pro
591 1973 762 2020 portione
790 1973 928 2018 fertilis
944 1974 1201 2020 possessionis,
1234 1984 1327 2019 quae
1346 1973 1507 2019 qualibet
1528 1973 1672 2008 ratione
1695 1973 1797 2020 apud
1817 1984 1879 2009 eos
1901 1984 1951 2010 ex
1972 1973 2095 2009 eadem
2118 1972 2321 2009 substantia

87 2025 151 2062 est,
172 2020 256 2066 fieri
279 2026 388 2067 atque
411 2024 484 2055 tum
510 2018 722 2054 tributorum
746 2028 839 2054 onus
855 2029 930 2064 pro
953 2018 1026 2054 illis
1049 2019 1101 2054 eis
1115 2019 1265 2065 imponi,
1290 2029 1368 2054 cum
1388 2021 1422 2053 et
1437 2018 1573 2054 sterilis
1587 2018 1633 2053 iis
1645 2018 1826 2064 possessio
1836 2029 1911 2065 pro
1919 2019 2095 2065 portione
2111 2018 2248 2054 tradita
2261 2018 2320 2060 sit,

87 2070 153 2102 aut
175 2076 254 2101 cum
278 2076 317 2101 se
336 2076 414 2101 eam
437 2068 651 2111 accepturos
674 2064 906 2109 neqaverint;
925 2067 1034 2100 antea
1057 2064 1189 2099 iustum
1209 2074 1280 2099 non
1305 2067 1358 2099 est
1381 2073 1595 2110 quemquam
1614 2062 1757 2099 tributis
1766 2074 1843 2110 pro
1859 2063 1933 2099 illis
1946 2062 2147 2110 pendendis
2160 2064 2321 2110 qravari.

222 2109 466 2158 Epiloqus.
514 2109 634 2152 Quare
658 2108 855 2155 providere
885 2114 983 2145 tuam
1013 2109 1216 2144 claritatem
1240 2108 1351 2150 decet,
1383 2112 1424 2143 ut
1447 2107 1537 2143 haec
1558 2107 1627 2144 hoc
1650 2107 1757 2144 modo
1781 2109 2034 2145 examinentur
2056 2112 2093 2144 et
2137 2107 2320 2144 rocedant.

87 2154 133 2191 Si
162 2156 255 2192 enim
288 2154 377 2191 haec
408 2166 480 2190 non
514 2155 757 2195 observentur,
788 2155 883 2189 sicut
913 2153 1149 2199 definivimus,
1180 2153 1272 2190 scito
1306 2158 1340 2189 te
1362 2164 1436 2188 una
1455 2163 1538 2188 cum
1560 2153 1720 2195 cohorte,
1752 2164 1846 2199 quae
1871 2153 1937 2190 tibi
1955 2156 2073 2200 paret,
2121 2164 2215 2189 ecem
2238 2153 2322 2189 auri

87 2201 262 2237 librarum
280 2211 437 2248 poenam
460 2199 664 2235 soluturum
686 2199 743 2234 vel
764 2198 874 2234 aliam
895 2199 1059 2244 fortasse
1081 2199 1252 2235 maiorem
1270 2209 1429 2251 poenam
1452 2198 1652 2234 subiturum
1676 2208 1764 2242 esse,
1786 2199 1839 2234 ita
1859 2203 1900 2235 ut
1915 2209 2009 2244 quae
2024 2210 2048 2234 a
2062 2197 2167 2234 nobis
2179 2198 2322 2234 sancita

86 2249 171 2282 sunt
193 2247 300 2283 etiam
323 2247 376 2282 sic
396 2245 515 2282 valere
538 2245 700 2282 debeant.
749 2242 801 2280 Ob
824 2243 919 2280 hanc
942 2245 1035 2281 enim
1058 2254 1205 2280 causam
1228 2249 1337 2281 ettam
1360 2242 1575 2280 Nicomedes
1597 2254 1647 2280 ex
1668 2242 1815 2280 cohorte
1836 2247 1963 2280 nostra
1983 2243 2112 2280 missus
2134 2246 2199 2280 est.

1116 2399 1303 2438 CLXVII.

91 2470 493 2524 GENERALIS
556 2468 850 2521 MAXJMA
915 2467 1160 2520 FORMA
1229 2468 1567 2529 QUOMODO
1623 2466 1922 2519 DEBEAP
1969 2466 2187 2518 MJTTJ
2235 2466 2324 2520 IN

288 2537 820 2591 POSSESSIONEM
865 2536 1081 2588 BASSI
1123 2535 1675 2588 GLORIOSISSIMI
1713 2533 2119 2586 PRAEFECTJ.

164 2619 313 2655 Flavius
340 2618 494 2654 comitas
516 2616 729 2653 Theodorus
753 2616 895 2652 Bassus
917 2615 1263 2662 maqnificentissimi
1284 2615 1467 2662 praefecti
1489 2625 1679 2651 sacrorum
1693 2614 1967 2661 praetoriorum
1990 2613 2078 2649 haec
2092 2613 2249 2650 edicunt.

223 2685 481 2732 Praefatio.
529 2684 654 2720 Cetera
685 2683 841 2730 quidem,
873 2693 1109 2730 quaecunque
1140 2685 1278 2719 statuta
1308 2685 1393 2718 sunt
1423 2693 1446 2718 a
1478 2682 1613 2717 nostris
1642 2681 1786 2717 sedibus
1817 2684 1853 2717 et
1875 2679 2034 2728 publicis
2057 2680 2188 2717 litteris
2207 2681 2321 2716 mani-

85 2732 226 2778 festata
255 2735 320 2767 aut
348 2730 431 2766 aliis
461 2730 690 2776 qeneralibus
720 2729 852 2775 formis
884 2729 1029 2775 imperii
1053 2729 1181 2770 nostri,
1206 2738 1300 2773 quae
1323 2728 1379 2764 vel
1400 2727 1445 2763 de
1467 2738 1526 2762 ma
1553 2727 1741 2763 istratibus
1758 2725 2048 2774 provincialibus
2070 2729 2105 2761 et
2128 2725 2265 2778 officiis
2285 2729 2323 2761 et

89 2778 234 2812 omnino
258 2773 490 2812 exactoribus
510 2775 717 2821 loquuntur,
742 2773 1040 2820 quemadmodum
1064 2783 1127 2809 eos
1151 2776 1321 2825 oporteat
1343 2783 1422 2808 cum
1446 2773 1510 2808 sub
1537 2772 1597 2807 itis
1619 2782 1741 2818 aqere,
1764 2770 1821 2808 vel
1841 2770 1886 2806 de
1907 2770 2134 2806 subditorum
2163 2780 2201 2805 tn
2234 2779 2320 2806 con-

90 2821 265 2858 tractibus
286 2820 515 2866 simplicitate
540 2824 575 2855 et
606 2820 644 2854 in
674 2819 791 2855 sacris
823 2819 1044 2855 illationibus
1070 2818 1270 2865 probitate,
1303 2817 1372 2854 vim
1396 2827 1497 2853 suam
1521 2816 1653 2852 habere
1675 2816 1838 2852 volumus
1860 2816 1968 2852 etiam
1990 2819 2076 2862 post
2095 2818 2321 2862 praesentem

89 2870 249 2903 nostram
274 2865 576 2906 constitutionem,
600 2863 693 2899 illud
714 2874 797 2899 vero
818 2865 925 2899 etiam
950 2863 1087 2899 clarius
1109 2863 1253 2908 definiri
1278 2866 1447 2909 oportere
1469 2863 1709 2909 coqnovimus.
1884 2864 1886 2866 ’

223 2911 253 2946 1.
301 2909 343 2945 Si
371 2909 452 2955 quis
482 2910 574 2944 enim
603 2909 813 2944 immobilem
845 2908 1004 2955 aliquam
1032 2918 1108 2944 rem
1139 2907 1412 2955 apprchendere
1442 2909 1593 2954 cupiens
1624 2906 1767 2942 decreta
1796 2904 1926 2942 iudicis
1956 2904 2153 2956 acceperit,
2186 2904 2224 2939 in
2251 2902 2321 2940 hac

87 2956 192 3003 felici
214 2955 357 2991 civitate
380 2954 511 2990 cohors
533 2954 696 3000 fortasse
718 2954 880 2999 sufficiet
900 2954 1165 3000 possessionem
1188 2963 1310 2988 rerum
1333 2963 1457 2989 earum
1481 2962 1629 2988 vacuam
1645 2962 1722 2987 esse
1739 2954 1879 2993 testata,
1903 2950 1936 2985 si
1959 2960 2009 2986 ex
2030 2949 2156 2985 vicinis
2177 2958 2322 2995 quoque

137 3117 152 3149 1
177 3109 258 3147 οὗδὲ
276 3125 370 3147 anon.
386 3112 487 3146 Bodl.
502 3110 515 3152 ΙΙ
534 3112 555 3145 2
578 3107 629 3144 οἷς
645 3109 711 3151 ΖΒ]
728 3111 801 3143 τοῖς
816 3110 905 3164 vulq.
920 3108 934 3154 ss
953 3108 1133 3151 ἐπαχθέσι
1150 3110 1171 3152 l,

90 3155 292 3202 ὖπαχθεῖεν
316 3158 364 3199 Β,
388 3155 582 3199 ἐπαχθεῖσι
606 3155 693 3198 unlq.
721 3154 733 3198 ΙΙ
759 3156 778 3188 3
804 3165 879 3197 παρ
915 3151 1038 3187 αὐτῶν
1059 3155 1095 3188 Β
1115 3153 1127 3199 ΙΙ
1150 3156 1171 3188 4

90 3202 296 3238 συντελῶνῑ
312 3202 325 3247 ΙΙ
341 3205 361 3237 5
377 3200 458 3244 τὴν]
474 3201 585 3235 τὸνΒ
602 3200 615 3245 ss
632 3201 823 3244 συμβαίνει
838 3199 872 3232 Β
890 3198 902 3242 ΙΙ
920 3201 940 3233 6
956 3197 1028 3244 πρὸ
1045 3196 1172 3233 τούτου

90 3251 279 3284 Zachariae
302 3261 341 3282 ex
366 3260 459 3281 anon.
475 3247 576 3281 Bodl.
602 3247 700 3290 (sort.
724 3242 795 3290 γὰρ
809 3245 929 3287 ζαᾰᾱ.)]
953 3243 1043 3299 πρὸς
1064 3243 1172 3277 τοῦτο

91 3318 148 3351 ΖΒ
163 3316 176 3360 Ι]
194 3311 301 3350 οὐδὲν
324 3315 360 3348 Β
378 3315 390 3358 ΙΙ
409 3316 428 3349 8
455 3313 598 3355 τοῦτον]
623 3312 732 3347 τοῦτο
751 3310 790 3355 111
810 3313 850 3345 10
875 3300 960 3344 λυτρ
996 3313 1029 3350 (ι’.
1055 3324 1081 3345 e.
1115 3308 1172 3344 λύ-

93 3363 190 3407 τρας)
207 3363 220 3395 l
233 3360 246 3401 ΙΙ
264 3359 484 3403 καταθήσαν
501 3361 513 3393 l
526 3359 538 3403 11
556 3360 617 3391 καὶ
639 3371 699 3392 om.
715 3358 728 3391 l
743 3356 756 3400 [Ι
774 3358 811 3391 11
831 3354 908 3390 τῶν
925 3368 983 3389 om.
1002 3357 1014 3389 l
1029 3355 1041 3399 ΙΙ
1058 3352 1143 3399 ἡμῖν
1161 3356 1174 3389 l

90 3407 103 3452 ss
126 3403 221 3440 ὅτως
245 3408 256 3440 l
286 3406 299 3449 11
335 3407 376 3440 12
405 3408 525 3439 subscr.
553 3406 647 3437 deest.
672 3403 903 3436 Demosthenes
933 3403 1043 3444 praefi
1066 3407 1170 3443 praet.

82 3454 154 3496 suit
178 3465 209 3486 a.
234 3452 414 3486 521—523
439 3458 468 3485 et
489 3450 632 3495 529l30;
661 3449 800 3492 primam
826 3447 877 3480 hic
900 3447 970 3479 dici
987 3448 1170 3489 praefectu-

91 3510 161 3531 ram
189 3497 362 3531 verisimile
391 3503 447 3538 est,
480 3496 629 3539 quoniam
661 3506 725 3527 non
746 3493 879 3527 additur
901 3489 943 3524 τὸ
968 3487 1138 3533 δεύτερον
1159 3488 1172 3534 ΙΙ

94 3544 137 3576 14
162 3544 270 3599 rubr:
287 3539 428 3587 γενικὰς
447 3559 491 3594 :-
514 3542 555 3594 ³⁴5
589 3536 744 3583 ἐπάρχου
769 3539 782 3572 l
803 3537 870 3589 ἔνιά.
891 3536 924 3570 L
952 3537 1028 3590 ,(ᾳαί
1051 3547 1109 3568 om.
1129 3536 1171 3569 14

91 3594 323 3676 ffszfsssseji
346 3588 474 3665 ¹35⁰]
477 3586 591 3673 ’2122‘1-12
602 3585 766 3663 ῗῖἰιῖῗεριέ
779 3582 1065 3674 ξῖἷῶῗαξῗὲἴς
1075 3592 1169 3669 αέἕέι·

1242 3098 1354 3142 νομῆς
1376 3097 1455 3132 πῶς
1478 3094 1534 3130 δεῖ
1554 3094 1770 3131 στέλλεσθαι
1798 3094 1846 3129 εἰς
1868 3090 1984 3137 αὐτὴν
2006 3092 2154 3127 Βάσσου
2178 3096 2321 3136 (βίσσου

1243 3145 1326 3186 cod.)
1350 3144 1414 3177 τοῦ
1439 3139 1675 3181 ἐνδοξοτάτου
1691 3138 1885 3196 ὑπςάρχου)
1901 3141 1968 3173 ind.
1985 3138 2135 3183 Reqinae
2150 3139 2321 3180 (,‚additur

1244 3190 1375 3222 Βίσσου
1400 3187 1463 3221 τοῦ
1487 3183 1721 3226 ἐνδοξοτάτου
1738 3184 1898 3219 υπάτουί*
1916 3185 2041 3226 Caice.)
2055 3181 2194 3229 γενικὰς
2207 3181 2322 3219 τύπος

1241 3234 1323 3276 περὶ
1344 3233 1455 3275 νομῆς
1476 3233 1623 3277 γραφεὶς
1645 3228 1749 3273 βάσῳ
1770 3230 1824 3272 τῷ
1850 3226 2077 3271 ἐνδοξοτάτῳ
2103 3230 2170 3262 ind.
2196 3230 2319 3263 Theod.

1239 3276 1251 3323 ΙΙ
1276 3279 1317 3312 15
1349 3274 1511 3319 ὑπάρχου
1535 3277 1548 3309 l
1569 3277 1655 3319 vuly.
1681 3276 1693 3318 ΙΙ
1718 3277 1758 3309 16
1786 3273 1945 3308 κάσσοςί
1969 3276 1981 3318 ΙΙ
2007 3274 2136 3317 aliquid
2159 3275 2319 3308 turbatum

1240 3329 1286 3356 est
1292 3333 1307 3363 ;
1329 3318 1350 3354 ὁ
1366 3319 1746 3367 μεγαλοπρεπέστατος
1762 3322 1915 3364 ἔπαρχος
1931 3345 1938 3352 .
1957 3343 1965 3352 .
1982 3343 1990 3353 .
2010 3316 2102 3364 λέγει
2119 3319 2317 3358 Heimbach3

1240 3368 1299 3401 sed
1315 3373 1399 3400 recte
1415 3373 1517 3399 monet
1533 3366 1721 3399 Zachariae
1732 3373 1808 3409 post
1821 3367 2018 3409 praesectum
2032 3364 2200 3407 principes
2214 3363 2321 3406 officii

1241 3418 1497 3444 commemoratos
1520 3412 1628 3454 fuisse
1658 3411 1768 3444 videri
1805 3412 1860 3454 (ef
1884 3411 1959 3449 753.
1978 3412 2018 3450 4).
2051 3407 2064 3452 ss
2098 3410 2137 3442 17
2167 3410 2250 3452 περὶ
2273 3409 2286 3442 l
2306 3408 2318 3451 ΙΙ

1240 3452 1440 3499 δηλούμενα
1461 3456 1581 3497 Kroll]
1606 3452 1783 3498 δηλοῦντα
1805 3457 1824 3495 Ι,
1851 3452 2027 3488 δοκοῦντα
2051 3454 2178 3487 Heimb.
2203 3453 2318 3496 ”aly-fl

1241 3504 1283 3535 20
1307 3497 1498 3543 οἰθότητες
1516 3502 1528 3533 l
1543 3500 1555 3544 ΙΙ
1573 3503 1611 3534 21
1642 3499 1871 3547 προστάξεως
1895 3501 1992 3544 υιι19.]
2017 3494 2199 3537 άστάξεως
2217 3498 2254 3540 ΙΙΙ
2273 3498 2317 3531 22

1240 3546 1264 3578 ἔ
1282 3547 1419 3589 νομενί
1448 3546 1460 3589 ΙΙ
1495 3547 1536 3580 23
1565 3545 1618 3579 Εἴ
1642 3556 1696 3579 τις
1726 3543 1896 3588 ἀκινήτου
1928 3547 1989 3579 inc.
2018 3543 2051 3576 B
2082 3542 2095 3586 ΙΙ
2127 3545 2318 3594 πορίσαιτο

1240 3558 1418 3625 beimbach
1438 3591 1450 3635 ss
1468 3593 1510 3625 24
1530 3591 1638 3633 νομῆς
1660 3588 1805 3625 τούτων
1823 3591 1858 3624 Β
1873 3590 1885 3635 ΙΙ
1903 3589 1935 3623 εἰ
1959 3600 2053 3623 anon.
2077 3588 2187 3628 Roda]
2211 3599 2234 3631 η
2260 3587 2273 3620 l
2280 3586 2318 3620 B

1238 3635 1251 3678 ΙΙ
1272 3638 1332 3669 καὶ
1356 3636 1394 3669 ἐκ
1418 3635 1495 3669 τῶν
1519 3649 1614 3670 anon.
1641 3636 1742 3670 Rode.
