2592 3840
236 97 343 141 Nov.
374 98 451 141 XL
486 102 505 140 1
1308 93 1392 143 260
2160 111 2222 144 m·
2249 112 2462 146 mansu

1244 231 1402 267 CAPUT
1426 232 1455 267 Ι.

292 300 409 333 Ταῦτα
440 298 528 343 ἡμᾶς
559 297 756 344 ἀφικέσθαι
786 297 873 344 πρὸς
906 297 973 333 τὸν
1007 296 1173 343 παρόντα
1203 297 1316 344 νόμον
1428 298 1528 333 Haec
1551 308 1618 334 nos
1642 297 1820 342 respicere
1844 297 1891 333 ad
1910 301 2133 343 praesentem
2156 299 2267 344 legem
2290 309 2461 345 procura-

240 342 518 391 παρεσκεύασεν,
547 341 590 378 ὃν
619 339 844 397 ἀνατίθεμεν
872 344 927 386 τῷ
952 341 1111 390 δεσπότῃ
1144 343 1224 387 θεῷ
1256 346 1315 386 καὶ,
1382 346 1521 385 verunt,
1546 353 1652 388 quam
1673 343 1832 378 dicamus
1856 342 1999 379 domino
2019 343 2086 380 deo
2110 346 2147 380 et
2169 344 2326 380 omnium
2348 344 2462 381 eccls-

240 390 285 436 τῇ
298 390 376 424 τῶν
394 391 525 424 πασῶν
543 387 739 431 ἐκκλησιῶν
759 386 945 435 αγιωτάτῃ
955 385 1177 423 Ἀναστάσει.
1208 386 1258 425 ὃιῗ
1274 387 1314 423 οὗ
1383 388 1517 423 siarum
1542 388 1787 424 sanctissimae
1809 387 2096 424 Resurrectioni:
2127 398 2192 434 per
2214 399 2320 434 quam
2344 391 2460 426 sanci-

242 435 467 478 θεσπίζομεν
490 433 536 468 τὰ
557 435 624 477 μὲν
640 431 731 466 ἄλλα
755 431 877 467 πάντα
899 433 981 478 (τοῦ
1000 435 1083 479 περὶ
1102 435 1180 468 τῶν
1197 433 1314 476 ἐκκλη-
1382 444 1461 469 111118
1493 433 1562 468 alia
1586 433 1727 478 quidem
1756 433 1876 468 omnia
1906 433 1994 477 legis
2023 433 2068 468 de
2098 434 2351 470 ecclesiasticis
2373 435 2459 471 alie-

242 480 443 514 σιαστικῶν
474 477 697 520 ἐκποιήσεων
729 475 840 521 νόμον
871 480 1017 524 κρατεῖν
1048 478 1125 520 καὶ)
1159 479 1220 514 ἐπὶ
1255 480 1316 520 τῆς
1351 478 1588 514 5nationibus
1624 477 1738 513 teneri
1777 481 1813 513 et
1848 478 1887 513 in
1927 478 2153 514 sanctissima
2187 477 2463 515 Resurrectione

242 522 402 570 ἁγιωτάτ
426 535 441 557 c
454 521 699 558 Ἀναστάσεως
716 535 786 567 προ
817 519 895 556 άσει
911 526 1057 569 χωρίων
1073 522 1315 566 ἐκκλησιαστι-
1384 522 1575 559 occasione
1615 533 1782 568 agrorum
1817 523 2141 558 ecclesiasticorum
2181 525 2268 566 (non
2301 524 2394 560 enim
2427 523 2462 560 ei
2498 543 2501 546 ·

242 569 319 603 κῶν
350 566 402 611 (οὐ
429 570 445 601 ὲ
466 567 531 615 γὰρ
557 565 646 613 αὐτῇ
670 579 785 601 παντε
811 567 857 601 οῦς
887 568 1033 613 ἐφίεμεν
1059 569 1194 612 πρᾶσιν
1217 566 1314 602 οὐδε·
1385 568 1528 613 penitus
1553 567 1779 603 concedimus
1802 567 2039 603 venditionem
2069 577 2186 613 neque
2207 578 2316 604 unam
2341 567 2462 605 facere
2509 571 2511 573 '

241 617 330 657 μίαν
355 613 543 649 ποιεῖσθαι
566 615 735 656 χωρίων),
767 613 828 646 ἐπὶ
853 615 977 655 μέντοι
1008 612 1087 646 τῶν
1109 611 1316 670 οἰκημάτων
1384 614 1576 656 agrorum),
1600 622 1709 657 super
1727 611 1941 648 habitaculis
1966 616 2085 648 autem
2107 613 2309 648 relaxamus
2328 612 2462 658 aliquid

241 657 408 703 χαλῶμέν
430 671 467 692 τι
482 658 543 700 τῆς
563 655 743 702 ἀκριβείας
766 657 829 691 τοῦ
849 656 970 700 νόμου.
1005 658 1038 691 εἰ
1054 656 1121 704 γὰρ
1140 660 1186 693 ἐπ
1223 655 1315 703 οἶφε·
1385 657 1594 693 subtilitatis
1617 657 1715 701 legis.
1764 656 1803 691 Si
1826 657 1919 692 enim
1941 667 2008 709 pro
2039 657 2193 693 utilitate
2216 658 2461 694 sanctissima-

243 702 321 746 λείᾳ
349 705 427 737 τῶν
457 700 673 749 ἁγιωτάτων
705 700 906 745 ἐκκλησιῶν.
930 703 1063 736 τοῦτον
1097 702 1314 758 ἐγράψαμεν,
1331 706 1371 737 10
1384 712 1463 737 rum
1498 701 1729 737 ecclesiarum
1763 701 1857 736 hanc
1890 702 2115 747 scripsimus,
2151 702 2308 739 videmus
2341 706 2463 738 autem

242 745 386 794 ὁρῶμεν
421 746 461 781 δὲ
494 744 710 790 τηλικαύτην
745 748 786 781 ἐν
820 747 875 789 τῷ
904 746 1088 794 πράγματι
1121 745 1188 790 τὴν
1223 750 1315 793 ωφὲ-
1386 750 1523 782 tantam
1545 746 1584 781 in
1603 756 1713 781 causa
1736 745 1928 781 utilitatem
1946 748 2166 790 existentem,
2190 747 2367 792 quomodo
2388 757 2462 783 non

243 792 342 826 λειαν
373 785 495 833 οὖσαν,
530 792 607 826 πῶς
638 791 702 825 οῦκ
733 788 778 825 ἂν
810 791 870 825 διὰ
902 793 967 826 τοῦ
1000 791 1178 838 παρόντος
1206 791 1316 836 νόμου
1384 801 1449 836 per
1479 793 1704 835 praesentem
1735 792 1845 835 legem
1876 791 1946 826 hoc
1976 791 2027 827 eis
2051 792 2289 835 concedimus,
2322 802 2462 828 omnem

241 838 348 871 τοῦτο
373 836 490 870 αὐτοῖς
514 835 703 881 ἐψήσομεν,
735 837 858 870 πᾶσαν
882 834 1041 872 διδόντες
1070 840 1130 874 καὶ
1161 840 1235 872 τοῖς
1258 850 1316 872 πι-
1385 836 1510 871 dantes
1534 839 1570 871 et
1592 835 1826 871 vendentibus
1848 835 2028 871 licentiam
2058 839 2095 872 et
2117 838 2316 873 ementibus
2338 840 2460 873 caute·

242 881 463 938 πράσκουσιν
478 879 604 915 ἄδειαν
623 884 772 916 καὶτοῖς
789 880 1003 925 ὠνουμένοις
1018 879 1217 927 ἀσφάλειαν
1224 896 1237 924 ‚-
1256 885 1317 916 καὶ
1384 882 1480 916 lam?
1517 880 1685 925 quoniam
1711 881 1957 924 cognoscimus
1987 884 2148 926 tempore
2178 881 2291 917 veloci
2314 882 2362 918 ad
2383 891 2462 917 eam

241 926 397 970 μαλιστα
429 924 552 969 ἐπειδὴ
583 924 756 970 σύνισμεν
787 927 841 982 τω*
872 925 991 972 χρόνῳ
1023 927 1167 962 θᾶττον
1190 924 1316 968 ἄξοντι
1332 930 1371 962 15
1385 925 1584 961 revocanda
1607 935 1732 961 rursus
1756 925 1974 967 habitacula,
1998 928 2124 970 utpote
2150 936 2231 961 cum
2253 926 2344 962 haec
2366 936 2462 962 com-

242 970 352 1005 πάλιν
375 970 421 1005 τὰ
437 969 614 1015 οἰκήματα
637 970 725 1018 πρὸς
746 967 867 1014 αὐτην,
893 971 952 1005 οἶα
976 973 1055 1006 τῶν
1074 973 1191 1006 ταῦτα
1207 970 1317 1007 ώνου-
1384 974 1555 1016 parantes
1585 970 1680 1005 sicut
1710 972 1857 1015 propter
1887 970 2044 1005 divinum
2073 970 2228 1006 studium
2257 971 2347 1006 haec
2368 980 2462 1006 exno-

240 1019 362 1060 μένων
388 1013 504 1061 ὥςπερ
530 1014 590 1050 διὰ
612 1015 679 1059 τὴν
698 1019 780 1062 περὶ
803 1014 846 1051 τὸ
866 1016 972 1051 θεῖον
992 1015 1154 1072 σπουδὴν
1182 1015 1316 1060 ἐώνην-
1385 1019 1481 1059 runt,
1512 1016 1564 1051 ita
1595 1018 1632 1050 et
1661 1015 1745 1051 dum
1767 1015 1967 1050 moriuntur
1997 1015 2030 1050 ei
2060 1015 2151 1051 haec
2180 1015 2343 1051 relicturi
2364 1018 2461 1051 sunt.

240 1074 302 1095 ται
333 1062 460 1104 ταῦτα,
491 1059 587 1095 οὕτω
611 1064 671 1095 καὶ
694 1059 843 1095 ἐπειδὰν
866 1060 1063 1104 τελευτῷεν
1088 1063 1177 1104 αυτῆ
1202 1063 1317 1096 ταῦτα
1386 1061 1512 1096 Liceat
1534 1060 1643 1105 igitur
1665 1070 1761 1095 nunc
1786 1059 2033 1096 sanctissimae
2060 1060 2231 1096 ecclesiae
2253 1060 2375 1096 facere
2396 1060 2462 1096 hap

240 1105 605 1151 καταλιμπανόντων.
643 1103 799 1146 Ἐξέστω
816 1110 940 1141 τοίνυν
957 1104 1047 1154 αὐτῇ
1065 1107 1111 1154 τῇ
1132 1097 1316 1153 ἁγιωτάτῃ
1386 1105 1622 1141 bitaculorum
1645 1103 1892 1147 venditionem,
1916 1105 2005 1140 nihil
2027 1105 2198 1141 metuenti
2219 1105 2332 1151 legem
2354 1114 2461 1150 gene·

241 1150 410 1195 έκκλησία
429 1148 658 1195 ποιήσασθαι
679 1150 747 1206 τὴν
762 1151 841 1185 τῶν
858 1148 1066 1196 οἰκημάτων
1085 1153 1229 1197 πρᾶσιν,
1253 1165 1316 1196 μη·
1330 1154 1372 1187 20
1385 1151 1510 1186 raliter
1534 1150 1578 1185 de
1600 1150 1657 1185 his
1680 1150 1853 1202 positam,
1885 1159 1928 1185 eo
1951 1150 2047 1194 quod
2077 1150 2153 1195 lege
2175 1149 2316 1187 iuniore
2339 1149 2461 1186 subdi·-

241 1194 303 1230 δὲν
326 1193 570 1243 εὐλαβουμένη
594 1195 660 1230 τὸν
680 1208 794 1240 νομον
812 1194 879 1231 τὸν
902 1198 942 1230 ἐν
960 1199 1055 1243 γένει
1074 1199 1155 1244 περὶ
1174 1195 1318 1231 τούτων
1385 1195 1555 1231 visionem
1578 1195 1714 1237 habult,
1742 1204 1857 1240 neque
1880 1194 1955 1230 ulla
1977 1205 2095 1239 poena
2118 1197 2245 1231 contra
2267 1194 2464 1240 quamlibet

240 1244 295 1275 κεί
319 1254 414 1284 ενον,
434 1239 529 1276 διότι
548 1240 650 1285 νόμῳ
666 1244 833 1287 νεωτέρῳ
851 1239 920 1284 τὴν
937 1238 1185 1288 ὑποδιαίρεσιν
1205 1240 1318 1283 ἔσχεν,
1385 1250 1576 1285 personam
1601 1242 1842 1285 competente3

240 1255 326 1320 ciui}
346 1298 443 1321 τινος
465 1287 591 1330 ποινῆς
615 1286 757 1321 ἐκεῖθεν
779 1283 874 1320 καθ’
896 1284 1108 1329 οἱουὸἡποτε
1127 1285 1318 1332 προςώπου

239 1333 262 1367 1
307 1330 495 1367 παντελῶς
524 1328 764 1377 ἁρμοζούσης·
799 1330 848 1365 εἴς
869 1344 911 1366 τε
940 1330 1007 1366 τὸν
1035 1331 1158 1377 ἐφεξῆς
1187 1330 1318 1377 χρόνον
1385 1333 1406 1366 1
1451 1333 1488 1365 et
1510 1330 1546 1365 111
1570 1330 1745 1375 reliquum
1775 1331 1916 1375 tempus
1945 1329 2017 1364 hoc
2046 1328 2164 1374 ipsum
2192 1338 2315 1374 agere,
2347 1328 2464 1365 sicubi

241 1373 329 1411 αὐτὸ
350 1378 456 1411 τοῦτο
477 1375 662 1422 πράττειν,
682 1376 718 1410 εἴ
732 1375 802 1411 πού
821 1389 858 1410 τι
874 1374 1086 1418 τηλικοῦτον
1101 1372 1317 1421 οἷνακύψειεν
1330 1379 1371 1412 25
1386 1375 1506 1419 aliqua
1540 1375 1623 1410 talis
1654 1375 1838 1410 emerserit
1873 1374 2023 1418 utilitas,
2057 1378 2238 1419 tamquam
2271 1373 2463 1419 multiplex

240 1420 381 1467 ὄφελος,
415 1419 463 1455 ὠς
485 1419 757 1456 πολλαπλάσιον
781 1419 928 1467 ἀγαθον
950 1417 1035 1455 ἀντ’
1061 1418 1247 1463 ἐλαχίστου
1271 1421 1316 1468 τῇ
1386 1421 1518 1455 bonum
1552 1430 1618 1464 pro
1654 1429 1763 1464 parvo
1799 1418 2044 1454 sanctissimae
2078 1418 2294 1463 adquisitum
2327 1418 2462 1454 Resur-

240 1462 424 1512 οἱγιωτάτῃ
455 1469 637 1512 προςιὲναι
669 1464 728 1499 διὰ
755 1467 818 1508 τῆς
851 1463 1067 1508 ἐκποιὴσεως
1094 1463 1316 1500 Ἀναστάσει.
1385 1464 1546 1500 rectioni.
1592 1464 1741 1500 Omnem
1762 1464 1977 1500 habentibus
2002 1463 2178 1500 cautelam
2203 1463 2294 1500 haec
2316 1473 2396 1499 com
2423 1473 2461 1499 a·

241 1512 364 1545 πᾶσαν
385 1511 544 1553 ἐχόντων
563 1508 763 1556 ἀσφάλειαν
782 1511 861 1546 τῶν
879 1512 997 1545 ταῦτα
1018 1507 1234 1555 ὠνουμένων
1249 1511 1316 1544 νῦν
1385 1509 1547 1545 rantibus
1571 1520 1666 1545 nunc
1690 1512 1726 1544 et
1744 1508 1784 1544 in
1803 1519 1908 1545 omne
1927 1508 2094 1554 deinceps
2114 1512 2255 1554 tempus
2262 1509 2311 1545 -et
2325 1518 2351 1544 n
2426 1517 2463 1543 m

240 1568 281 1590 τε
311 1558 371 1590 καὶ
406 1556 454 1590 εἰς
488 1554 555 1590 τὸν
587 1556 664 1599 ἑξῆς
695 1551 842 1591 ἅπαντα
872 1555 1020 1601 χρόνον,
1055 1558 1116 1589 καὶ
1146 1552 1317 1609 οὐδεμίαν
1386 1554 1601 1590 ablationem
1632 1554 1889 1597 metuentibus,
1924 1564 1997 1590 non
2027 1553 2136 1598 ipsis,
2167 1563 2242 1590 non
2271 1553 2462 1590 heredibus

240 1597 432 1646 ἀφαίρεσιν
462 1597 737 1644 εὐλαβουμένων
768 1599 830 1634 οὔκ
857 1598 990 1642 αὐτῶν,
1019 1600 1060 1634 οὗ
1083 1598 1317 1656 κληρονομων
1330 1603 1373 1635 30
1385 1610 1527 1643 eorum,
1560 1609 1633 1635 non
1663 1599 1969 1643 successionibus,
1982 1630 1989 1639 ,
2004 1608 2120 1643 neque
2150 1608 2248 1635 nunc
2276 1607 2395 1643 neque
2423 1597 2462 1634 in

242 1644 375 1687 αὐτῶν,
397 1644 438 1679 οὗ
459 1643 651 1687 διαδόχων,
674 1644 757 1679 οὔτε
779 1646 846 1679 νῦν
864 1644 947 1680 οὔτε
969 1646 1017 1679 εἰς
1035 1646 1158 1690 ἕτερον
1175 1658 1316 1691 χρονον,
1385 1644 1484 1681 aliud
1506 1647 1659 1689 tempus,
1694 1653 1737 1680 eo
1762 1644 1858 1689 quod
1888 1643 2084 1680 secundum
2105 1646 2328 1689 praesentem
2349 1643 2463 1689 legem

242 1688 301 1724 διὰ
324 1689 367 1725 τὸ
397 1690 489 1725 κατὰ
511 1691 577 1724 τὸν
600 1687 769 1737 παρόντα
795 1689 907 1734 νόμον
939 1687 1065 1724 αὐτοὺς
1088 1691 1318 1735 θαρροῦντας
1385 1689 1455 1734 ipsi
1477 1689 1696 1725 confidentes
1721 1689 1876 1725 subeunt
1899 1689 2130 1734 emptionem,
2166 1697 2281 1733 neque
2304 1697 2384 1724 esse
2406 1688 2462 1723 iu·

240 1734 467 1770 ὗπειςελθεῖν
501 1734 568 1778 τὴν
596 1733 794 1781 ἀγορασίαν
827 1735 890 1769 οὐκ
921 1734 1015 1769 εἶναι
1049 1732 1205 1769 δικαίους
1235 1732 1318 1768 τινὰ
1385 1739 1480 1770 stum
1510 1734 1664 1779 aliquem
1695 1734 1739 1769 de
1770 1734 1840 1770 hoc
1870 1734 1947 1778 pati
1977 1733 2168 1769 tumultum
2197 1736 2262 1769 aut
2284 1732 2464 1779 querelam

241 1777 443 1823 ὑποστῆναι
476 1782 559 1826 περὶ
589 1778 718 1814 τούτου
741 1778 901 1825 ταραχὴν
930 1778 954 1822 ἢ
975 1782 1113 1824 μέμψιν
1142 1776 1164 1822 ἢ
1188 1781 1318 1823 ζημίαν
1386 1782 1449 1814 aut
1462 1779 1628 1815 damnum
1646 1781 1710 1813 aut
1723 1778 1971 1815 sublationem.
2008 1778 2147 1858 Quipze
2164 1778 2308 1814 decreto
2324 1777 2462 1822 agendo

241 1822 263 1867 ἢ
286 1822 489 1870 ἀφαϊρεσιν.
532 1822 696 1871 δεκρέτου
720 1822 855 1868 δηλαδὴ
879 1827 1126 1871 πραττομένου
1150 1837 1178 1859 π
1226 1822 1249 1858 οὶ
1271 1824 1317 1871 τῇ
1331 1827 1371 1860 35
1385 1824 1482 1868 apud
1504 1827 1603 1860 tuam
1626 1823 1901 1866 beatitudinem,
1934 1826 2113 1868 praesenti
2139 1833 2183 1859 us
2206 1823 2268 1868 qui
2289 1832 2335 1858 ex
2357 1832 2462 1859 vene-

241 1870 287 1917 σῇ
306 1867 544 1916 μακαριότητι
564 1868 763 1914 παρόντων
781 1870 860 1903 τῶν
876 1871 915 1902 ἐκ
934 1869 997 1903 τοῦ
1015 1867 1160 1915 εὖαγοῦς
1177 1883 1197 1903 κ
1221 1869 1317 1915 ἡρου,
1385 1868 1489 1905 rabili
1519 1869 1614 1903 clero
1646 1871 1747 1911 sunt,
1778 1874 1813 1904 et
1845 1872 1989 1904 ostensa
2020 1878 2131 1904 causa
2160 1878 2225 1913 per
2247 1877 2354 1913 quam
2375 1866 2462 1903 alie-

241 1918 301 1948 καὶ
325 1913 551 1959 δεικνυμένης
573 1915 634 1957 τῆς
658 1915 774 1948 αἰτίας
804 1911 899 1947 καθ’
925 1910 969 1957 ἢν
992 1912 1014 1956 ἡ
1038 1916 1217 1958 ἑκποίησις
1239 1915 1319 1948 τῶν
1385 1914 1483 1949 natio
1502 1913 1765 1950 habitationum
1782 1913 1835 1956 fit,
1860 1913 1944 1958 quia
1966 1913 2141 1948 maiorum
2161 1922 2272 1948 causa
2288 1913 2462 1949 bonorum

242 1959 449 2003 οἰκημάτων
470 1963 627 2005 γίνεται,
658 1956 716 1994 ὅτι
746 1958 927 2003 μειζόνων
956 1961 1077 1993 ἕνεκεν
1109 1957 1266 2005 ἀγαθῶν
1297 1955 1319 2001 ἡ
1385 1959 1513 1994 horum
1535 1958 1691 1994 venditio
1709 1958 1923 2000 celebratur,
1947 1957 2073 2003 paucis
2096 1957 2237 2003 quidem
2260 1967 2353 2003 quae
2375 1956 2460 1993 alie-

240 2003 384 2039 τοῦτων
404 2006 533 2050 πρᾶσις
553 2001 806 2046 σπουδάζεται,
830 2001 963 2050 ὀλίγων
981 2006 1048 2047 μὲν
1065 2005 1143 2038 τῶν
1160 2005 1318 2039 ἑκποιου·
1384 2006 1519 2039 nantur
1554 2003 1780 2047 extantibus,
1815 2002 1979 2048 pluribus
2013 2006 2134 2038 autem
2167 2012 2212 2039 ac
2243 2002 2462 2044 melioribus,

240 2051 363 2093 μένων
383 2048 514 2090 ὄντων,
539 2048 719 2083 πλειόνων
744 2047 785 2082 δὲ
802 2052 862 2082 καὶ
883 2046 1085 2083 καλλιόνων
1108 2050 1186 2082 τῶν
1202 2049 1318 2083 ἐντεῦ-
1331 2052 1373 2084 40
1386 2058 1479 2093 quae
1502 2048 1585 2085 hinc
1609 2048 1864 2093 adquiruntur3
1899 2047 2097 2083 secundum
2118 2048 2188 2083 hoc
2217 2047 2345 2093 pretiis
2366 2046 2462 2083 vidae·

241 2094 313 2128 θεν
336 2097 641 2142 προςγινομένων·
682 2091 820 2137 δηλαδὴ
842 2092 934 2128 κατὰ
957 2092 999 2127 τὸ
1023 2092 1143 2138 παρὸν
1167 2094 1245 2127 τῶν
1269 2107 1319 2127 τι·
1385 2094 1472 2129 licet
1490 2093 1690 2129 recollectis
1709 2103 1755 2129 ex
1770 2092 2003 2138 pensionibus
2021 2102 2067 2128 ex
2085 2091 2287 2128 venditione
2304 2092 2343 2128 in
2382 2091 2462 2128 11111-

238 2137 418 2183 μημάτων
450 2140 530 2173 τῶν
565 2136 841 2185 ἀθροιζομένων
876 2140 914 2172 ἐκ
948 2139 1025 2173 τῶν
1059 2141 1225 2173 ένοικιων
1259 2139 1320 2181 τῆς
1411 2139 1558 2183 uaginta
1580 2139 1683 2173 annis
1700 2138 1811 2180 facta,
1833 2137 2077 2173 transactione
2099 2137 2302 2172 debitorum
2321 2146 2365 2173 so
2378 2146 2462 2172 ven-

240 2182 406 2230 πράσεως
429 2186 491 2219 ἐπὶ
514 2183 740 2227 πεντήκοντα
763 2185 1070 2237 ἑτεσιαγινομένης
1094 2185 1140 2217 εἰς
1155 2181 1319 2217 διάλυσιν
1387 2150 1454 2226 dis,
1491 2193 1583 2228 quae
1617 2183 1812 2219 creditores
1847 2182 2021 2219 dederunt
2053 2182 2093 2218 in
2121 2180 2296 2227 praedicti
2325 2180 2462 2218 reditus

239 2231 318 2263 τῶν
340 2229 458 2276 χρεῶν
487 2227 828 2273 καταβαλλομένων,
858 2241 949 2275 απερ
978 2227 1014 2261 οἱ
1043 2226 1229 2262 δανεισταὶ
1261 2226 1314 2261 δε-

241 2271 403 2308 δώκασιν
433 2275 493 2309 ἐπὶ
523 2274 568 2321 τῇ
600 2274 660 2317 τῆς
691 2274 874 2320 εἰρημένης
903 2271 1074 2318 προςὸδου
1106 2271 1237 2315 κτήσει.
1285 2274 1316 2306 εἰ
1328 2276 1370 2308 45

374 2363 402 2398 I.
451 2362 553 2397 Haec
573 2373 641 2398 nos
660 2366 701 2397 ut
721 2361 770 2397 ad
782 2365 1010 2407 praesentem
1034 2361 1146 2408 leqem
1169 2362 1370 2398 veniremus
1393 2365 1591 2404 moverunt,
1616 2371 1724 2407 quam
1745 2361 1891 2396 domino
1914 2359 1982 2396 deo
2002 2364 2038 2396 et
2057 2359 2213 2396 omnium
2231 2360 2467 2403 ecclesiarum

239 2408 488 2443 sanctissimae
504 2407 778 2443 Resurrectioni
799 2406 1025 2442 dedicamus:
1046 2418 1115 2453 per
1135 2418 1244 2453 quam
1263 2406 1445 2442 sancimus
1467 2405 1610 2452 reliqua
1634 2405 1776 2452 quidem
1797 2405 1917 2441 omnia
1937 2415 2032 2451 quae
2052 2404 2130 2452 leae
2149 2404 2194 2440 de
2212 2404 2464 2443 ecelesiasticis

240 2452 520 2489 alienationibus
552 2452 782 2488 continentur
809 2451 929 2487 valere
952 2452 1059 2486 etiam
1083 2451 1127 2487 de
1149 2451 1377 2487 sanctissima
1402 2450 1680 2487 Resurrectione
1705 2449 1946 2498 praedion
1975 2449 2298 2486 ecclesiasticorum
2319 2450 2464 2497 nomine

240 2500 369 2550 (neque
392 2498 485 2533 enim
508 2498 542 2532 ei
564 2497 676 2532 ullam
700 2497 843 2532 omnino
867 2496 1106 2532 venditionem
1155 2496 1361 2532 raediorum
1378 2497 1506 2542 facere
1520 2495 1791 2548 permittimus),
1814 2495 1852 2530 in
1873 2495 2048 2540 aedificiis
2070 2499 2188 2531 tamen
2211 2494 2256 2530 de
2273 2494 2464 2537 severitate

242 2542 333 2588 leqzs
356 2541 523 2577 nonnihil
543 2542 766 2577 remittimus.
814 2541 909 2576 Nam
927 2542 960 2576 si
979 2553 1057 2577 eam
1077 2553 1100 2577 a
1144 2542 1334 2577 utilitatem
1357 2541 1667 2576 sanctissimarum
1687 2540 1919 2576 ecclesiarum
1939 2539 2161 2587 scripsimus,
2186 2542 2324 2576 tantam
2342 2541 2463 2586 autent

241 2586 400 2622 videmus
421 2586 478 2621 illi
498 2587 552 2622 rei
574 2587 764 2622 utilitatem
787 2587 914 2628 inesse,
943 2587 1071 2631 quidni
1088 2597 1160 2632 per
1178 2590 1407 2633 praesentem
1431 2585 1544 2632 leqem
1575 2585 1643 2621 boc
1665 2585 1711 2620 iis
1735 2585 1982 2626 concedamus,
2015 2595 2154 2620 omnem
2174 2584 2302 2621 dantes
2323 2587 2361 2627 et
2380 2590 2463 2620 ven*-

242 2631 407 2667 dentibus
430 2631 568 2666 veniam
596 2636 632 2666 et
654 2631 850 2666 ementibus
871 2632 1123 2666 securitatem?
1162 2631 1381 2678 praesertim
1404 2641 1484 2666 cum
1509 2635 1648 2678 tempus
1670 2629 1921 2677 intelleqamus
1943 2629 2111 2674 aedificia
2134 2629 2205 2665 cito
2235 2628 2286 2665 ad
2306 2640 2385 2665 eam
2407 2635 2470 2665 re·-

243 2675 434 2711 ducturum
457 2687 554 2711 esse:
607 2675 875 2722 uandoquidem
906 2680 1086 2722 emptores
1108 2687 1243 2718 eorum,
1274 2677 1369 2711 sicut
1382 2679 1543 2727 propter
1564 2674 1722 2711 studium
1745 2685 1835 2721 erqa
1858 2674 1963 2709 deum
1993 2685 2037 2709 ea
2060 2677 2232 2717 emerunt,
2265 2674 2318 2710 ita
2340 2673 2465 2710 eadem

243 2732 323 2756 cum
346 2721 550 2755 moriantur
573 2731 585 2754 ι
602 2720 628 2754 li
650 2721 813 2755 relicturi
832 2726 925 2755 sunt.
974 2720 1100 2756 Liceat
1121 2722 1234 2767 iqitur
1256 2721 1327 2768 ipsi
1346 2725 1594 2756 sanctissimae
1614 2719 1785 2756 ecclesiae
1804 2718 2051 2771 aedificiorum
2069 2719 2197 2764 facere
2213 2717 2465 2769 venditionem
2523 2758 2532 2768 -,

242 2777 311 2800 neu
331 2770 498 2802 vereatur
516 2765 628 2811 leqem
646 2765 864 2810 qeneraliter
887 2765 930 2799 de
954 2764 1011 2799 liis
1034 2765 1156 2808 latam,
1175 2772 1376 2812 propterea
1401 2765 1499 2811 quod
1520 2765 1599 2812 leqe
1621 2765 1821 2801 recentiore
1844 2775 1876 2800 ez
1894 2763 2062 2811 exceptio
2081 2763 2271 2799 subiuncta
2289 2766 2354 2807 est,
2377 2770 2464 2800 neve

242 2813 265 2847 1
319 2821 441 2857 poena
471 2809 555 2845 inde
584 2810 660 2845 ulla
690 2810 729 2844 in
759 2809 870 2844 ullam
903 2809 1048 2845 omnino
1075 2821 1271 2856 personam
1301 2821 1379 2846 com
1407 2815 1505 2852 etat,·
1560 2810 1703 2857 pariter
1728 2820 1773 2845 ue
1806 2809 1846 2844 in
1878 2813 2017 2856 tempus
2044 2808 2214 2855 futurum
2245 2806 2315 2845 Ιιοο
2344 2807 2464 2855 ipsum

243 2867 267 2891 a
294 2866 353 2891 ere
385 2855 502 2897 liceat,
532 2854 647 2889 sicubi
676 2853 776 2900 quod
804 2853 979 2889 eiusmodi
1011 2855 1196 2890 emerserit
1225 2866 1360 2890 commo
1386 2866 1459 2897 um,
1491 2858 1531 2890 ut
1561 2854 1689 2902 multip
1705 2865 1756 2890 ex
1777 2853 1906 2889 bonum
1930 2863 2007 2901 pro
2038 2853 2185 2888 minimo
2215 2852 2464 2891 sanctissimae

243 2867 516 2936 Igtsurrectioni
565 2910 604 2934 er
627 2898 878 2934 alienationem
902 2898 1060 2934 accedat.
1111 2899 1326 2946 Omnemque
1348 2900 1578 2935 securitatem
1601 2903 1781 2946 emptores
1803 2909 1927 2935 eorum
1950 2902 1987 2934 et
2008 2908 2105 2934 nunc
2128 2901 2163 2934 et
2184 2897 2223 2932 in
2243 2907 2347 2934 omne
2364 2896 2463 2946 detit-

244 2957 328 2993 ceps
361 2949 500 2991 tempus
554 2943 696 2986 abeant,
728 2954 814 2979 neve
845 2943 956 2978 ullam
985 2943 1200 2980 ablationem
1231 2948 1424 2980 vereantur
1451 2949 1517 2979 aut
1542 2944 1616 2990 ipsi
1638 2948 1703 2980 aut
1733 2943 1881 2979 heredes
1903 2953 2027 2979 eorum
2057 2947 2123 2978 aut
2144 2952 2370 2979 successores
2398 2940 2466 2983 aa!

244 3001 340 3026 nunc
370 2994 434 3025 aut
457 2989 531 3024 alio
558 2993 728 3035 tempore,
759 2988 931 3034 quoniam
956 2989 1021 3034 qui
1042 2989 1234 3024 secundum
1290 2993 1488 3024 raesentem
1518 2989 1629 3036 leqem
1650 2988 1807 3035 fidenter
1835 2988 2052 3024 accesserint
2073 2986 2124 3023 ad
2146 2987 2371 3034 emptionem,
2399 2994 2465 3024 eos
2495 3014 2518 3022 -,

242 3046 315 3083 par
338 3046 412 3071 non
435 3038 490 3070 est
512 3033 623 3068 ullam
648 3033 691 3068 de
711 3033 780 3068 liae
807 3043 847 3067 re
863 3032 1175 3079 perturbationem
1205 3044 1245 3069 ve
1283 3033 1596 3080 reprehensionem
1627 3033 1684 3070 vel
1706 3033 1874 3069 damnum
1903 3032 1959 3068 vel
1988 3031 2206 3068 ablationem
2228 3031 2358 3068 subire.
2409 3030 2465 3068 Aa
2519 3042 2523 3043 ⁷

244 3080 426 3116 decretum
450 3077 592 3125 quidem
607 3078 681 3130 fiat
703 3077 804 3129 apud
828 3082 924 3112 tuam
948 3077 1201 3113 beatitudinem
1217 3079 1473 3125 praesentibus
1497 3079 1542 3113 iis
1565 3078 1629 3125 qui
1651 3088 1701 3116 ex
1724 3077 1918 3114 venerabili
1941 3077 2037 3114 clero
2060 3079 2156 3119 sunt,
2185 3080 2222 3113 et
2243 3086 2355 3113 causa
2369 3084 2463 3124 pro-

244 3125 348 3162 betur
374 3136 424 3161 ex
456 3134 530 3170 qua
563 3122 733 3158 alienatio
764 3121 1010 3166 aedificiorum
1038 3123 1124 3167 fiat,
1183 3122 1258 3158 uod
1285 3124 1462 3159 maiorum
1495 3124 1671 3159 bonorum
1701 3123 1826 3170 qratia
1861 3133 1985 3158 eorum
2014 3120 2172 3158 venditio
2201 3126 2348 3169 affatur,
2383 3127 2463 3157 own
2526 3163 2528 3167 Ι

239 3181 364 3218 pauca
388 3170 530 3216 quidem
554 3168 768 3210 alienentur,
807 3167 909 3218 'lura
932 3177 1016 3218 vero
1039 3170 1075 3202 et
1095 3178 1147 3213 pu
1163 3167 1310 3218 curiora
1338 3167 1422 3202 inde
1444 3169 1706 3213 acquirantur:
1743 3171 1783 3203 ut
1805 3167 1844 3202 in
1860 3166 2049 3218 praesenti
2077 3165 2215 3202 scilieet
2230 3165 2392 3218 pretium
2412 3166 2463 3202 σὼ

242 3214 479 3263 pensionibus
501 3213 686 3250 collectum
708 3222 772 3247 ven
800 3215 910 3246 itione
932 3222 971 3246 in
994 3212 1261 3258 quinquaqinta
1284 3223 1401 3248 annos
1399 3213 1528 3291 lacta
1551 3212 1782 3260 impendatur
1804 3213 1842 3248 in
1864 3211 2080 3247 solutionem
2136 3221 2285 3247 ecunaae
2306 3214 2461 3263 mattiae,

245 3272 353 3308 quam
385 3259 583 3296 creditores
615 3268 686 3306 pro
718 3255 940 3303 acquirendo
967 3267 1009 3291 eo
1039 3267 1143 3301 quem
1168 3256 1328 3292 diximus
1358 3268 1398 3292 re
1425 3257 1476 3292 itu
1500 3257 1685 3294 dederunt.
1733 3256 1828 3293 Nam
1851 3257 1885 3292 si
1913 3256 2070 3292 omnium
2183 3255 2267 3292 inus
2291 3254 2400 3291 ,ποιαί
2426 3256 2463 3290 σί
2520 3266 2527 3277 ·’
2575 3253 2581 3273 ³

291 3356 367 3395 4sq.
382 3351 446 3384 τοῦ
465 3350 548 3395 περὶ
561 3367 603 3373 —
616 3348 761 3392 κρατεῖν
773 3347 832 3379 καὶ
851 3357 920 3382 exc
936 3346 1043 3389 suppl.
1054 3346 1256 3384 Zachariae;
1279 3349 1319 3388 cf.
1393 3348 1432 3379 10
1457 3349 1515 3379 aut
1534 3348 1568 3380 V
1586 3346 1600 3391 ΙΙ
1630 3348 1672 3382 12
1697 3347 1728 3381 ei
1750 3348 1781 3382 V
1803 3347 1816 3391 ΙΙ
1845 3346 2061 3380 concedemus
2081 3346 2139 3380 vul
2160 3369 2168 3379 .
2198 3343 2212 3388 Ι
2242 3347 2283 3380 14
2305 3342 2461 3387 quanin

245 3399 367 3432 Iulian.
382 3398 460 3430 e-4'l
476 3397 519 3429 in.
533 3401 564 3428 et
574 3404 677 3436 supra
689 3394 859 3433 255‚163q.
875 3390 888 3434 ΙΙ
908 3392 950 3424 14
965 3392 1025 3424 καὶ
1036 3387 1193 3433 μάλιστα
1206 3403 1263 3423 om.
1278 3402 1298 3426 ς
1311 3391 1321 3432 ΙΙ
1390 3403 1447 3423 om.
1471 3390 1527 3434 Vl!
1554 3393 1594 3425 15
1619 3395 1794 3426 revocante
1817 3392 1997 3426 Heimbach
2021 3390 2104 3426 mate
2164 3389 2320 3424 habioula
2343 3389 2460 3433 utputa

248 3445 288 3477 19
303 3441 436 3482 ἐξέστω
454 3442 578 3475 τοίνυν
599 3434 701 3484 αὐτῇ]
719 3437 818 3469 liceat
828 3436 934 3488 igitur
946 3445 1036 3468 nunc
1049 3447 1068 3471 ς
1084 3434 1096 3479 ΙΙ
1123 3436 1165 3469 23
1174 3447 1221 3477 sq.
1236 3435 1320 3467 eust·
1398 3434 1432 3468 V
1449 3434 1462 3477 ΙΙ
1492 3437 1528 3469 17
1555 3438 1599 3477 et]
1624 3439 1662 3469 ut
1696 3437 1729 3470 V
1750 3436 1763 3480 ΙΙ
1793 3438 1832 3471 21
1859 3446 1968 3480 poena
1989 3448 2048 3470 om.
2071 3435 2105 3469 V
2167 3435 2210 3469 22
2233 3443 2373 3478 persona
2392 3432 2428 3467 V

246 3487 318 3522 θεν
342 3496 372 3521 et
391 3483 580 3521 παντελῶς
603 3496 662 3516 om.
675 3494 695 3519 ς
713 3481 726 3526 n
741 3483 781 3515 27
797 3478 858 3514 δια
875 3481 937 3522 τῆς
956 3476 1172 3522 έκποιήσεως
1195 3492 1254 3512 om.
1268 3491 1287 3515 ς
1309 3480 1320 3523 ΙΙ
1390 3480 1431 3513 25
1450 3478 1595 3521 aliquam
1618 3481 1679 3515 VT
1692 3480 1706 3525 ΙΙ
1721 3484 1754 3515 et
1772 3481 1923 3515 merserit
1943 3480 1999 3524 Vn
2016 3482 2061 3515 30
2078 3479 2319 3514 accessoribus
2337 3477 2424 3522 vulq-

247 3535 286 3567 31
305 3529 498 3574 διαδόχων]
523 3527 782 3563 successionibus
807 3528 840 3566 (ι’.
856 3539 881 3560 e.
904 3522 1097 3567 διαδοχῶν)
1117 3536 1136 3561 ς
1390 3524 1431 3557 32
1457 3527 1538 3557 esset
1561 3527 1646 3569 vulq.
1675 3525 1688 3569 ΙΙ
1717 3527 1760 3560 33
1780 3525 1916 3567 aliquod
1937 3525 2022 3560 Vat.
2051 3523 2066 3569 Ι
2092 3525 2137 3560 38
2158 3522 2382 3558 alienantibus
2403 3530 2460 3555 ex-

1388 3568 1552 3601 stantibus
1585 3571 1637 3603 V⁰
1672 3570 1685 3614 ΙΙ
1720 3572 1761 3604 41
1789 3580 1828 3603 ex
1851 3570 2055 3611 venditione]
2092 3570 2127 3603 et
2149 3579 2189 3603 cx
2211 3567 2406 3602 uenditionc
2431 3565 2466 3599 V

1387 3614 1471 3656 vulq.
1491 3612 1503 3656 ΙΙ
1527 3615 1569 3647 42
1589 3615 1822 3654 transactione]
1846 3615 1882 3646 in
1898 3614 2152 3648 transactionem
2173 3615 2258 3658 vulq.
2274 3612 2288 3658 ΙΙ
2313 3614 2357 3647 43
2372 3609 2460 3645 redi-

293 3671 312 3702 3
328 3666 563 3701 resurrectioni
579 3666 626 3705 T]
645 3661 896 3697 resurrectionis
914 3660 994 3695 Vae.
1013 3659 1028 3704 Ι
1043 3662 1063 3693 5
1078 3660 1137 3703 leq.
1152 3658 1289 3691 tenere?
1307 3657 1321 3703 ΙΙ
1387 3660 1441 3690 tus
1464 3659 1507 3699 V]
1538 3659 1683 3691 creditus
1707 3660 1790 3691 Ταί.
