2592 3840
260 87 368 131 Nov.
391 87 526 130 LVIII
1339 84 1424 132 314
1885 99 1947 131 υτ
1974 99 2023 131 m
2051 98 2260 132 vaxns
2289 99 2484 134 noumus

258 195 387 246 γνώμῃ
418 211 458 233 τε
490 199 534 247 τῇ
559 199 603 246 σῇ
627 202 687 233 καὶ
711 199 774 233 τοῦ
805 196 871 232 τὸν
895 195 1076 233 ἱερατικὸν
1098 195 1241 245 θρόνον
1262 200 1337 235 ἐπι·
1406 198 1614 243 sanctitate,
1646 198 1822 235 sententia
1845 207 1892 234 ue
1918 200 1983 234 tua
2013 200 2049 234 et
2080 197 2142 243 qui
2163 197 2406 244 pontificalem
2426 208 2483 236 se-

259 243 497 289 τροπεύοντος
528 241 583 278 ἀεὶ
613 255 758 279 τουτους
794 241 966 285 δέχεσθαι
1001 241 1069 286 τὴν
1102 248 1337 290 χειροτονίαν,
1407 244 1486 279 dem
1508 243 1642 280 rexerit
1663 254 1737 280 sem
1765 254 1804 279 er
1823 209 1901 279 ‘iios
1924 242 2106 288 suscipere
2129 242 2399 287 ordinationem,
2447 243 2486 280 ui

259 290 363 334 οἵπερ
389 286 435 323 ἂν
458 290 502 336 τῇ
532 302 572 323 τε
595 290 640 336 σῇ
663 285 902 333 μακαριότητι
932 291 992 322 καὶ
1020 290 1095 323 τοῖς
1115 288 1199 333 μετ’
1225 288 1338 333 αὐτὴν
1407 291 1444 325 et
1474 292 1560 325 tuae
1594 289 1732 325 beatitu
1757 288 1807 323 ini
1842 290 1879 324 et
1913 288 1974 341 qui
2003 291 2131 333 postea
2164 288 2360 341 opportuni
2390 288 2425 324 vi
2449 298 2485 326 Θ-

262 331 635 393 έπιτήᾇειοικὸόξαιενι
654 332 880 387 καθεστάναι
892 335 963 412 igal
985 333 1046 376 τῆς
1068 334 1133 388 τοῇ
1158 334 1248 388 θεοῦ
1271 333 1338 388 Zet:
1406 334 1542 370 buntur
1564 334 1717 370 existere
1745 335 1782 369 et
1798 333 1862 387 ’dei
1883 333 2079 386 ministefio
2100 332 2212 378 digm:
2244 335 2285 368 ut
2307 343 2380 386 non
2402 343 2485 387 prq-

261 380 563 467 sznzsssff‘s.
585 378 1339 472 s⁶325&inuitissimus&
1375 378 2486 470 5{sensisse{ff.‡3.².·;⁰1.{¹35¹32‘}t..“stasmi

261 467 342 503 ἀλλ’
369 467 506 503 ἄθικτα
534 483 574 504 τε
602 465 694 502 αὐτὰ
727 471 787 502 καὶ
818 466 957 516 ἄρρητα
994 472 1055 502 καὶ
1086 468 1219 515 φρικτὰ
1248 470 1340 504 καθ·
1410 479 1478 514 que
1501 470 1696 506 constituta
1716 472 1841 505 sancte
1865 471 1900 504 et
1919 468 1986 504 deo
2006 467 2208 504 amabiliter
2231 471 2268 504 et
2286 467 2488 506 venerande

261 516 405 549 εστῶτα
426 512 533 549 ὁσίως
550 517 610 548 καὶ
631 511 814 559 θεοφιλῶς
837 516 897 547 καὶ
917 510 1025 560 ἁγίως
1041 511 1339 561 διαχειρίζεσθαι.
1410 514 1568 550 tractari.

317 558 601 606 <Ἐπι’λογος.>
652 557 700 592 Τὰ
731 561 855 593 τοίνυν
888 557 1129 604 παραστάντα
1163 558 1249 605 ἡμῖν
1279 563 1339 594 καὶ
1453 559 1715 605 (Epilogus.)
1760 560 1858 604 Quae
1877 559 1987 604 igitur
2008 559 2225 604 placuerunt
2242 557 2347 594 nobis
2369 558 2407 593 et
2424 567 2509 604 per*

262 603 321 638 διὰ
352 602 457 638 τοῦδε
485 605 549 638 τοῦ
581 604 687 638 θείου
716 601 915 647 δηλούμενα
939 603 1050 648 νόμου
1079 604 1147 649 τὴν
1169 603 1339 652 μακαριό-
1355 609 1395 640 10
1408 605 1502 639 hanc
1539 614 1681 640 sacram
1720 604 1903 640 declarata
1940 607 2025 640 sunt
2060 604 2191 648 legem,
2231 602 2489 638 beatitudinem

261 662 353 692 τητα
376 648 443 692 τὴν
468 648 535 693 σὴν
559 648 752 695 φυλάττειν
776 647 947 692 διηνεκῶς
968 649 1203 696 θεσπίζομεν,
1233 647 1339 697 γινώ-
1408 653 1508 685 tuam
1531 658 1673 685 servare
1695 653 1868 695 perpetue
1891 649 2090 692 sancimus,
2124 650 2380 694 cognoscentes
2407 648 2490 692 quia

261 707 396 728 σκοντα
429 692 477 728 ὠς
508 691 570 728 οὐκ
600 692 754 728 ἔλαττον
784 692 870 739 ἡμῖν
899 693 998 739 μέλει
1027 697 1105 730 τῶν
1134 698 1212 730 ταῖς
1234 693 1341 743 ἁγιω-
1408 705 1482 730 non
1516 694 1633 730 minus
1667 694 1771 730 nobis
1806 704 1893 730 cura
1927 697 1982 731 est
2016 696 2221 731 sanctarum
2258 692 2489 729 ecclesiarum

260 739 385 773 τάταις
402 738 600 782 ἐκκλησίαις
616 737 901 774 λυσιτελούντων
917 739 1008 787 ἥπερ
1021 737 1129 784 αὐτῆς
1143 742 1204 784 τῆς
1216 741 1338 786 ψυχῆς.
1409 739 1603 775 utilitatum
1626 748 1733 784 quam
1755 740 1767 775 i
1796 740 1869 776 sius
1895 739 2044 775 animae.

305 784 389 819 Dat.
402 795 465 820 xv.
479 784 515 818 k.
530 784 619 820 Nov.
637 783 704 819 GP.
722 784 805 830 imp.
824 784 884 820 dn.
902 785 1089 820 Iustiniani
1105 786 1195 831 Aug.
1211 785 1340 831 (anno)
1460 784 1544 819 Dat.
1557 794 1612 819 m.
1636 794 1751 820 nonas
1806 784 1989 821 ovembres
2016 784 2085 820 GP.
2110 784 2194 829 imp.
2219 783 2278 819 dn.
2298 781 2490 818 Iustiniani

259 828 337 873 XL,
359 833 443 874 post
467 840 565 865 cons.
586 829 749 865 Belisarii
773 841 804 866 v.
828 840 860 865 c.
885 840 980 866 anno
1000 830 1048 866 Π.
1354 832 1467 910 153pp.
1494 830 1585 873 Aug.
1617 838 1714 910 {nno
1737 829 1813 874 ΧΙ.,
1845 833 1929 875 post
1960 840 2058 866 cons.
2084 828 2247 866 Belisarii
2275 839 2308 865 v.
2333 837 2365 864 c.
2394 837 2489 863 anno

1304 879 1350 919 [a.
1366 879 1384 910 5
1411 878 1442 916 7]
1513 883 1623 910 secun
1649 884 1682 910 0.

772 1059 831 1101 NT!
1813 1065 1944 1102 LVIII.
1993 1065 2104 1102 Auth.
2119 1064 2215 1101 LIX.
2238 1062 2436 1101 Colivtit.
2447 1063 2490 1099 12

344 1135 524 1188 HEPI
554 1134 699 1187 TOY
728 1134 830 1187 EN
860 1133 1264 1188 ΙΔΙῼΤΙΚΟΙΣ
1497 1136 1593 1186 UT
1627 1136 1704 1186 IN
1737 1134 2057 1185 PRIVATIS
2093 1131 2400 1184 DOMIBUS

260 1202 519 1255 ΟΙΚΟΙΣ
540 1201 1339 1323 ἓξῗῗῖΝὒὲἕξΞῗΓῼΓΙΑΝ
1352 1281 1395 1315 20
1409 1203 1628 1254 SAORA
1673 1202 2028 1254 MYSTERIA
2074 1201 2216 1253 NON
2261 1199 2487 1252 FIANT.

257 1347 295 1384 ‘0
327 1347 431 1384 αὖτὸς
464 1347 632 1394 βασιλεὺς
659 1348 810 1396 Ἰωάννῃ
842 1346 988 1396 ἐπάρχῳ
1024 1350 1103 1383 τῶν
1138 1348 1248 1393 ἱερῶν
1281 1349 1343 1391 τῆς
1502 1349 1590 1394 Imp.
1613 1348 1834 1385 lastinianus
1853 1347 1948 1392 Aug.
1972 1346 2124 1383 Iohanni
2146 1357 2207 1392 pp.
2229 1343 2399 1382 secundo.

251 1391 326 1429 ‘'Ew
351 1398 589 1441 πραιτωρίων
612 1393 654 1428 τὸ
679 1393 733 1439 β’,
765 1392 838 1430 ἀπὸ
872 1391 1026 1429 ὑπάτων
1058 1397 1119 1428 καὶ
1147 1397 1342 1441 πατρικίῳ.

317 1466 391 1496 Καὶ
420 1465 494 1497 τοῖς
524 1459 638 1496 πάλαι
669 1459 896 1516 διηγόρευται
925 1461 1064 1516 νόμοις,
1098 1458 1186 1495 ὥςτε
1213 1458 1342 1505 μηδενὶ
1463 1462 1514 1497 Et
1547 1461 1677 1507 priscis
1713 1461 1890 1497 sancitum
1918 1463 1974 1497 est
2007 1459 2146 1504 legibus
2180 1458 2315 1494 nullam
2348 1457 2491 1504 penitus

259 1506 449 1543 παντελῶς
479 1507 572 1542 εἶναι
603 1511 810 1552 παρρησίαν
838 1508 927 1541 οὶκοι
956 1520 1002 1541 τα
1024 1505 1205 1554 ἱερώτατα
1227 1503 1340 1552 πράτ-
1410 1516 1490 1543 esse
1519 1506 1699 1542 licentiam
1731 1506 1827 1542 domi
1859 1515 1952 1552 quac
1982 1503 2224 1541 sacratissima
2257 1505 2344 1540 sunt
2374 1512 2490 1548 agere,

259 1566 348 1595 τειν,
381 1550 471 1587 ἀλλὰ
495 1550 650 1596 δημοσίᾳ
674 1550 962 1596 καταλιμπάνειν
995 1555 1160 1599 προϊέναι
1191 1554 1252 1585 καὶ
1274 1549 1341 1594 τὴν
1355 1553 1397 1587 25
1411 1552 1474 1589 sed
1505 1552 1650 1597 publice
1681 1551 1800 1588 sinere
1828 1550 2023 1597 procedere
2053 1549 2338 1585 incredulitatem
2368 1552 2404 1584 et
2435 1546 2491 1584 dei

259 1599 446 1644 ἁγιστείαν
469 1601 528 1631 καὶ
551 1596 619 1641 τὴν
643 1599 706 1631 τοῦ
731 1597 822 1631 θεοῦ
844 1595 1014 1643 λατρείαν
1039 1595 1131 1631 κατὰ
1153 1595 1234 1630 τοὺς
1252 1596 1339 1630 &w-
1411 1597 1588 1633 culturam
1620 1597 1815 1633 secundum
1842 1596 2047 1632 sanctiones
2079 1595 2122 1632 de
2145 1594 2202 1631 his
2225 1593 2377 1630 sacratis
2400 1593 2489 1629 acti-

258 1641 345 1688 μούς
367 1641 448 1677 τοὺς
471 1646 553 1689 περὶ
576 1642 719 1677 τούτων
742 1645 820 1676 ταῖς
842 1641 1033 1688 ἱερατικαῖς
1057 1639 1206 1689 πράξεσι
1226 1653 1340 1688 παρα·
1410 1643 1478 1678 bus
1502 1642 1673 1686 traditas,
1705 1644 1744 1678 et
1766 1652 1832 1678 nos
1856 1644 1977 1677 autem
2004 1641 2097 1677 hanc
2120 1640 2158 1675 in
2182 1639 2364 1685 praesenti
2386 1637 2490 1684 poni·
2554 1657 2559 1659 >

259 1686 485 1732 δεδομένους,
520 1690 579 1722 καὶ
609 1685 706 1731 ἡμεῖς
737 1685 777 1721 δὲ
807 1687 937 1722 τοῦτον
972 1689 1033 1722 ἐπὶ
1067 1687 1132 1721 τοῦ
1161 1687 1340 1733 παρόντος
1407 1698 1487 1723 mus
1510 1688 1633 1732 legem,
1654 1697 1765 1733 quam
1790 1698 1872 1723 cum
1896 1687 2039 1723 cautela
2059 1685 2156 1722 omni
2173 1687 2297 1721 tenere
2316 1683 2488 1720 volumus.

260 1734 414 1777 τίθεμεν
445 1732 511 1767 τὸν
539 1732 662 1776 νόμον,
694 1728 737 1766 ὃν
768 1730 836 1766 σὺν
866 1729 1044 1786 ἀσφαλείᾳ
1074 1733 1172 1779 πάσῃ
1195 1734 1341 1778 κρατεῖν
1410 1732 1582 1768 Omnibus
1613 1733 1706 1768 enim
1737 1732 1982 1768 interdicimus
2015 1740 2166 1776 magnae
2196 1730 2304 1766 huius
2336 1728 2489 1765 civitatis
2560 1743 2561 1746 ¹

258 1777 480 1823 βουλόμεθα.
528 1779 618 1812 πᾶσι
647 1776 715 1824 γὰρ
745 1774 948 1824 ἀπαγορευο
977 1791 1017 1811 εν
1047 1780 1120 1811 τοῖς
1153 1777 1214 1819 τῆς
1235 1774 1339 1822 μεγά·
1352 1778 1396 1811 30
1409 1777 1685 1822 habitatoribus,
1717 1777 1830 1822 magis
1855 1780 1975 1814 autem
2000 1776 2106 1812 etiam
2129 1775 2242 1812 totius
2265 1774 2429 1818 dicionis,
2451 1773 2491 1810 iu
2550 1816 2555 1819 ,

261 1823 321 1866 λης
340 1821 472 1865 ταύτης
492 1821 630 1857 πόλεως
652 1821 846 1869 οἰκήτορσι,
866 1821 938 1866 μᾶλ
961 1835 1002 1856 ον
1021 1820 1060 1856 δὲ
1077 1825 1136 1856 καὶ
1155 1824 1229 1856 τοῖς
1248 1819 1340 1857 ἁπά-
1408 1823 1573 1859 domibus
1597 1824 1671 1859 suis
1694 1823 1828 1859 habere
1884 1821 2032 1858 uaedam
2065 1820 2167 1866 quasi
2198 1820 2402 1856 orationum
2426 1819 2489 1855 do·
2550 1862 2553 1864 ,

261 1880 322 1910 σης
353 1870 414 1911 τῆς
445 1865 613 1911 ὑπηκόου,
637 1869 678 1902 ἐν
701 1870 774 1902 τοῖς
797 1867 905 1901 οἴκοις
927 1870 1001 1902 τοῖς
1027 1865 1150 1902 αὐτῶν
1173 1869 1270 1909 ἔχειν
1289 1879 1340 1901 τι·
1410 1878 1488 1904 mos
1511 1872 1549 1905 et
1570 1868 1609 1904 in
1631 1868 1689 1904 his
1713 1878 1818 1904 sacra
1835 1878 1876 1904 ce
1891 1867 2018 1904 ebrare
2041 1866 2221 1912 mysteria,
2245 1867 2284 1902 et
2306 1865 2391 1901 hinc
2412 1863 2490 1900 fieri

259 1914 322 1948 νὰς
346 1911 464 1956 δῆθεν
487 1912 688 1959 εὐκτηρίους
712 1913 825 1947 οἴκους
846 1915 907 1947 καὶ
932 1913 972 1947 ἐν
994 1910 1135 1948 τούτοις
1158 1911 1225 1955 τὴν
1243 1911 1343 1958 ἱερὰν
2545 1914 2547 1919 “

259 1957 436 1994 ἐπιτελεῖν
465 1962 736 2005 μυσταγωγίαν,
768 1960 828 1991 καὶ
860 1958 1035 1993 ἐντεῦθεν
1061 1957 1237 2005 γίνεσθαί
1256 1970 1342 1991 τινα

305 2051 388 2084 Νου.
403 2050 539 2084 LVIII
556 2051 720 2092 (Anthent.
732 2050 826 2083 LIX
842 2066 887 2079 =
914 2049 994 2083 Gall.
1017 2049 1052 2082 V
1070 2050 1189 2083 tit-12:
1214 2049 1325 2093 qloss.)
1349 2049 1475 2085 Graece
1499 2057 1586 2084 extat
1609 2051 1643 2084 in
1664 2051 1714 2084 Μ.
1738 2070 1783 2075 -
1814 2051 1905 2094 Epa.
1933 2049 2053 2082 Theod.
2073 2049 2128 2089 58,
2163 2047 2284 2082 Athon.
2311 2049 2341 2091 1,
2360 2054 2379 2083 c
2401 2047 2491 2091 (indo

259 2096 394 2130 Nomoc.
415 2096 447 2128 L
471 2097 632 2129 titulorum
657 2096 707 2137 18,
738 2095 817 2129 Coll.
840 2102 937 2128 const.
960 2094 1034 2129 eccl.
1052 2094 1118 2128 III
1131 2096 1162 2136 1,
1176 2095 1217 2137 6),
1242 2094 1374 2128 Nomoc.
1393 2095 1496 2129 XIV
1506 2096 1668 2130 titulorum
1685 2098 1774 2139 3,14.
1821 2096 1943 2130 Iulian.
1968 2100 2067 2127 const.
2092 2093 2176 2126 LII.

258 2185 378 2222 sedem
400 2184 662 2221 sacerdotalem
685 2183 933 2219 moderabitur
955 2194 1095 2236 semper
1117 2183 1146 2218 ii
1168 2183 1217 2218 ad
1240 2184 1456 2219 creationem
1480 2188 1662 2227 vocentur,
1687 2185 1752 2230 qui
1773 2187 1810 2220 et
1833 2186 1916 2220 tuae
1938 2181 2154 2219 beatitudini
2172 2186 2208 2217 et
2222 2180 2505 2218 successoribus.
2536 2207 2537 2210 ,

261 2231 332 2266 tuis
351 2230 473 2266 idonei
503 2241 579 2267 esse
609 2229 738 2276 deique
768 2229 967 2265 ministerio
991 2228 1095 2274 dzqni
1118 2227 1330 2264 videantur:
1364 2240 1409 2264 ne
1430 2240 1539 2265 sacra
1562 2229 1621 2266 dei
1638 2231 1892 2277 profanentur
1922 2228 1975 2272 (id
1996 2227 2097 2274 quod
2118 2226 2235 2263 sacris
2257 2226 2412 2272 eloquiis
2434 2236 2489 2262 vc-

261 2277 362 2311 titum
396 2278 475 2320 est),
511 2286 633 2312 verum
668 2278 710 2311 ut
742 2273 885 2317 eadem,
921 2284 1000 2310 cum
1034 2274 1174 2310 intacta
1209 2276 1246 2310 et
1278 2274 1480 2320 ineffabilia
1514 2279 1550 2311 et
1585 2274 1770 2312 tremenda
1804 2274 1899 2317 sint,
1927 2275 2058 2310 ‚sancte
2091 2275 2127 2308 et
2153 2272 2221 2319 pie
2253 2275 2290 2308 et
2322 2271 2491 2318 reliqiose
2535 2294 2537 2299 -

260 2325 471 2358 tractentur.

396 2365 433 2402 E
436 2378 461 2413 p
472 2367 487 2402 i
492 2367 506 2402 l
513 2378 535 2403 o
542 2377 636 2413 qus.
694 2364 795 2408 Quae
817 2364 933 2411 iqitur
955 2364 1058 2401 nobis
1081 2364 1308 2412 placuerunt
1338 2368 1374 2401 et
1388 2376 1462 2411 per
1484 2375 1629 2400 sacram
1652 2363 1747 2400 banc
1774 2365 1888 2412 leqem
1910 2363 2100 2400 declarata
2129 2365 2216 2399 sunt
2237 2361 2491 2405 beatitudinem

263 2417 360 2447 tuam
389 2416 566 2459 perpetuo
600 2411 781 2462 custodire
803 2410 1000 2454 sancimus,
1031 2421 1126 2457 quae
1147 2410 1242 2447 sciat
1264 2421 1338 2446 non
1360 2410 1493 2446 minori
1516 2409 1622 2446 nobis
1646 2420 1755 2447 curae
1786 2421 1863 2447 esse
1889 2421 1934 2447 ea
1957 2420 2052 2457 quac
2075 2407 2314 2445 sanctissimis
2334 2405 2492 2444 ecclesiis

259 2462 415 2504 prosunt
438 2468 546 2504 quam
569 2458 686 2504 ipsam
708 2459 828 2492 mtam.

478 2691 481 2694 ’
544 2691 645 2742 ΝΕ
675 2692 766 2742 IN
791 2691 1129 2744 PRIVATIS
1160 2620 1491 2743 Doffsglcis
1522 2690 1743 2742 SACRA
1779 2690 1999 2751 MISSA
2033 2689 2211 2741 FIAT.

387 2772 489 2808 Idem
513 2772 700 2817 Auqustus
724 2769 885 2807 Iohanni
902 2771 1097 2817 praefecto
1121 2780 1229 2806 sacro
1246 2782 1320 2817 per
1346 2769 1525 2807 Orientem
1546 2770 1737 2817 praetorio
1761 2769 1902 2812 iterum,
1930 2768 2123 2806 exconsuli
2145 2772 2182 2805 et
2197 2766 2371 2814 patricio.

400 2851 451 2887 Et
473 2850 649 2887 veteribus
680 2849 818 2896 leqibus
849 2850 1081 2885 constitutum
1105 2853 1176 2892 est,
1209 2853 1251 2885 ut
1273 2849 1365 2885 nulli
1389 2849 1535 2885 omnino
1561 2848 1707 2885 licentia
1731 2848 1781 2884 sit
1803 2847 1902 2883 domi
1924 2847 2153 2884 sanctissima
2175 2845 2398 2889 celebrandi,
2428 2842 2493 2883 sed
2518 2853 2522 2860 ’

262 2898 408 2947 publice
438 2899 473 2932 et
494 2895 593 2930 sacri
616 2895 709 2930 ritus
742 2899 778 2930 et
800 2894 858 2930 dei
881 2894 1000 2929 cultus
1016 2894 1219 2941 procedere
1242 2895 1411 2930 sinantur
1433 2893 1630 2931 secundum
1651 2893 1860 2929 sanctiones
1894 2903 1988 2939 quae
2017 2892 2086 2929 hac
2116 2891 2162 2928 de
2193 2902 2235 2928 re
2262 2890 2380 2928 sacris
2400 2889 2492 2926 aclis
2516 2923 2519 2925 .

268 2944 425 2981 traditae
447 2946 542 2982 sunt,
567 2944 603 2976 et
625 2951 693 2975 nos
717 2939 810 2974 banc
834 2940 872 2973 in
889 2939 1103 2985 praesentia
1127 2939 1240 2985 leqem
1261 2939 1427 2985 ferimus,
1460 2950 1570 2986 quam
1593 2949 1673 2975 cum
1697 2938 1796 2975 omni
1846 2939 1990 2975 rmitate
2016 2937 2138 2974 valere
2161 2936 2332 2973 volumus.
2389 2933 2488 2972 Vela-
2517 2974 2520 2979 ⁴

266 3000 345 3026 mus
368 2988 461 3024 enim
492 2996 614 3021 omnes
637 2985 777 3020 incolas
807 2983 913 3020 huius
936 2995 1090 3036 maqnae
1113 2984 1287 3027 civitatis,
1324 2985 1412 3037 quin
1441 2984 1550 3020 etiam
1580 2984 1770 3021 universae
1826 2983 1957 3019 icionis
1985 2986 2134 3019 nostrae
2163 2981 2203 3017 in
2232 2980 2397 3017 domibus
2416 2976 2491 3016 suit

267 3033 446 3082 quaedam
467 3033 570 3077 forte
594 3029 760 3066 oratoria
782 3029 913 3065 habere
944 3034 979 3065 et
997 3040 1036 3064 in
1059 3029 1105 3064 iis
1129 3040 1272 3064 sacram
1295 3040 1440 3065 missam
1463 3029 1656 3071 celebrare,
1686 3028 1842 3075 indeque
1861 3028 1946 3074 fieri
1967 3039 2062 3074 quae
2085 3038 2109 3063 a
2132 3025 2323 3063 catholicis
2344 3029 2381 3062 et
2402 3033 2492 3072 apo-

302 3141 339 3173 11
352 3133 609 3183 *γινώσκοντες
618 3133 721 3172 MLc,
734 3127 984 3175 γινώσκουσαν
992 3130 1199 3175 Zachariaeu
1214 3133 1253 3165 12
1262 3129 1346 3175 ἡμῖν
1458 3135 1475 3167 1
1489 3134 1545 3165 tue
1563 3133 1615 3166 Va
1626 3130 1639 3177 ΙΙ
1654 3133 1674 3166 2
1687 3132 1746 3174 qui
1757 3131 1857 3183 vala]
1871 3130 1960 3173 quod
1972 3130 2078 3163 RVT
2092 3129 2129 3175 13
2145 3130 2176 3162 et
2189 3130 2277 3170 tuae]
2292 3130 2326 3161 et
2337 3140 2395 3172 orn.
2413 3123 2491 3173 1⁷⁸1

268 3183 466 3219 Haloander
478 3181 532 3223 (cf
543 3180 587 3221 ς)]
604 3173 688 3220 ὑμῖν
697 3177 769 3210 ML
788 3175 801 3220 ΙΙ
815 3173 934 3219 μέλλει
947 3176 978 3208 L
997 3175 1009 3219 ΙΙ
1028 3178 1069 3209 14
1082 3187 1141 3208 xv,
1154 3177 1187 3209 k.
1201 3187 1275 3209 nov.
1287 3177 1345 3217 M]
1413 3179 1489 3220 post
1509 3188 1582 3211 eam
1594 3177 1690 3211 Beck
1707 3175 1720 3221 ΙΙ
1741 3178 1762 3211 4
1778 3175 1926 3209 misterio
1947 3175 1981 3210 V
1993 3174 2006 3218 ΙΙ
2027 3176 2048 3209 9
2101 3175 2173 3215 uae]
2196 3173 2254 3206 *ui
2275 3173 2323 3207 V¹
2339 3171 2352 3216 ΙΙ
2379 3173 2418 3207 11
2431 3172 2498 3205 eu·
2512 3183 2520 3188 ·

269 3241 311 3263 111
335 3238 440 3261 nonas
464 3223 666 3259 Novembres
689 3234 718 3264 ς,
739 3235 797 3255 om.
813 3222 933 3254 Theod.
959 3222 1035 3254 Ath.
1060 3221 1123 3254 Iul.
1145 3220 1158 3264 ss
1186 3220 1251 3253 GP.
1267 3222 1343 3264 imp.
1423 3221 1503 3264 V¹11
1528 3223 1569 3257 12
1590 3222 1687 3256 uobis
1712 3221 1745 3255 R
1761 3221 1774 3266 ss
1796 3231 1876 3255 cura
1897 3221 1956 3262 est]
1980 3229 2097 3253 curare
2121 3217 2198 3263 12¹1}
2225 3220 2265 3254 13
2289 3216 2487 3251 *utilitatem

270 3276 325 3308 dn.
350 3274 433 3306 Iust.
457 3282 512 3314 pp.
537 3271 624 3311 Aug.
649 3278 737 3300 anno
755 3266 808 3299 XI
834 3268 864 3307 ς]
892 3265 959 3298 ΟΡ.
978 3266 1057 3307 imp.
1083 3265 1139 3297 dn.
1164 3266 1345 3298 Iustiniani
1414 3267 1507 3301 R¹V
1524 3277 1720 3301 conseruare
1743 3266 1925 3300 utilitatem
1950 3264 2000 3298 R²
2018 3265 2074 3299 vul
2096 3289 2104 3297 .
2167 3265 2209 3299 14
2227 3263 2495 3307 subscriptionum.

270 3324 355 3361 Aug.
381 3318 433 3351 XI
460 3317 505 3350 M
535 3311 718 3358 βασιλείας
739 3308 994 3345 ’Ῑουστινιανοῦ
1015 3309 1058 3343 τὸ
1076 3307 1123 3342 ια’
1138 3312 1214 3343 Ath.
1244 3313 1345 3353 βασι·
1416 3312 1559 3346 dedimus
1581 3326 1619 3346 ex
1644 3312 1718 3346 VT
1730 3311 1849 3346 Bamb.
1862 3311 1888 3346 I
1905 3309 1918 3355 ΙΙ
1944 3320 2049 3343 nonos
2157 3318 2228 3351 cap.
2246 3308 2398 3351 imperat.
2426 3301 2489 3349 Vl

270 3364 364 3398 λείας
388 3360 435 3397 ια’
463 3361 596 3401 ΤΙιεοᾱ.,
618 3371 674 3393 om.
688 3358 752 3392 Iul.
772 3357 784 3397 ΙΙ
808 3358 848 3390 15
873 3357 947 3399 post
967 3354 1093 3387 consul.
1117 3354 1270 3388 Belisarii
1295 3366 1345 3388 uc.
1414 3356 1482 3396 dn.]
1502 3356 1589 3389 dono
1614 3358 1649 3391 V
1666 3357 1751 3390 dom.
1769 3356 1890 3391 Bamb.
1902 3356 1932 3397 I,
1954 3368 2013 3389 om.
2031 3355 2063 3388 T
2084 3353 2096 3399 ΙΙ
2119 3354 2201 3387 Iust.
2223 3354 2301 3387 libri
2320 3355 2326 3396 Ι
2358 3353 2397 3388 15
2414 3349 2489 3394 pont
2518 3358 2520 3363 ’

271 3421 359 3442 anno
390 3407 533 3442 secundo
565 3407 595 3446 ς]
633 3405 707 3446 post
738 3401 894 3435 Bilisario
924 3411 976 3433 uo.
1010 3410 1111 3432 conss.
1144 3410 1221 3431 ann.
1247 3401 1283 3432 ΙΙ
1307 3400 1350 3432 M
1413 3400 1542 3433 consuli
1560 3401 1615 3444 Vll
1634 3401 1804 3435 Bilisiario
1825 3402 1859 3435 V
1873 3400 2029 3434 Bilisario
2043 3400 2162 3434 Bamb.
2177 3399 2202 3432 I
2217 3397 2311 3431 Bilis.
2373 3397 2432 3438 ssv.
2445 3393 2485 3434 0.]
2556 3443 2563 3446 ,⁷

270 3466 302 3498 p.
328 3466 354 3488 c.
379 3452 530 3486 Bilisarii
551 3451 673 3483 iterum
696 3448 785 3482 lum
819 3443 910 3490 μετὰ
939 3441 1006 3487 τὴν
1039 3441 1218 3478 ὑπατείαν
1248 3442 1345 3477 Βελι-
1414 3444 1479 3477 uio.
1506 3446 1538 3478 T
1563 3445 1744 3479 clarissimo
1764 3446 1883 3480 Bamb.
1897 3446 1927 3488 Ι,
1951 3458 2009 3480 om.
2031 3445 2066 3479 V
2114 3445 2155 3479 19
2179 3442 2326 3476 misteria
2350 3441 2434 3493 libri,
2456 3442 2487 3472 d
2516 3475 2523 3490 ᾗ
2558 3462 2565 3490 ⁷.

271 3502 396 3544 σαρίου
422 3498 541 3532 Theod.
554 3497 642 3537 Ath„
668 3494 781 3527 datum
800 3490 943 3525 uilisarii
961 3488 1044 3524 Iul!
1065 3491 1134 3529 (om.
1150 3489 1213 3523 Iul.
1227 3491 1310 3529 cett.)
1335 3489 1346 3533 ΙΙ
1414 3491 1462 3523 sic
1474 3497 1656 3525 constanter
1674 3491 1686 3535 ΙΙ
1712 3492 1754 3525 23
1778 3493 1929 3524 sanctum
1949 3490 2004 3534 Vn
2034 3488 2121 3522 nuli
2143 3489 2229 3533 vulq.
2255 3487 2268 3531 ΙΙ
2299 3487 2341 3521 25
2365 3495 2403 3518 m
2418 3491 2486 3518 ore-

273 3547 315 3578 20
336 3542 510 3590 γενέσθαι
527 3542 604 3575 Ath.
629 3542 729 3582 (rubr.
747 3533 857 3571 “Ὠστε
868 3535 928 3590 ’μὴ
948 3533 1123 3588 γίνεσθαι
1143 3533 1252 3588 οζκοις
1276 3531 1345 3567 λει-
1416 3534 1593 3569 dulitatem
1609 3536 1695 3580 vulq.
1721 3538 1754 3568 et
1773 3535 2004 3601 eredulitatem-
2014 3535 2110 3568 Beck
2122 3534 2205 3568 male
2221 3532 2234 3577 ΙΙ
2261 3533 2303 3584 27
2319 3531 2405 3583 110110
2422 3538 2484 3607 ἕ·-
2519 3504 2557 3582 ,ὲ

272 3592 443 3675 aaz&
456 3586 762 3676 ..T'fi23⁰{·³.¹'.2²{2-,5
765 3581 974 3674 Ξῇῗὲῗῖιέἱῖ
989 3579 1346 3665 .:;¹.²12.'.¹.1‡.z‘:3;51<.051
1415 3578 1872 3665 ἆῖΙΙᾱΞιῖοἶἚῗεὲΞῐηἭ
1893 3581 1914 3667 1²1³
1917 3582 1978 3658 ‘32⁶
1980 3578 2196 3666 ἘἬἫῘ
2202 3577 2306 3663 111ῗῖ
2307 3578 2407 3654 ‘32²¹'
2393 3616 2445 3652 οι
2535 3597 2549 3606 '¹

2471 3566 2487 3615 ι
2519 3617 2554 3650 ὲ

272 3677 339 3720 τὴν
362 3676 548 3718 ἀπιστίαν)
573 3687 592 3713 ς
2514 3660 2564 3840 i

2585 3826 2592 3840 1
