2592 3840
243 66 281 109 N
284 79 349 109 ov.
364 67 528 112 LXXII
557 71 666 112 2—5
1309 69 1394 118 360

1377 185 1546 222 stantiam
1576 187 1622 223 ab
1653 196 1695 224 00

1378 231 1452 267 ulla
1474 231 1684 277 malignitas.

1930 91 1992 123 υτ
2018 92 2070 122 m
2098 92 2175 132 Qm
2204 91 2450 126 onustum

234 191 295 212 ται
325 177 417 213 κατὰ
441 180 502 214 τοῦ
526 183 607 215 νέου
631 179 653 225 ἢ
674 182 736 224 τῆς
760 179 867 216 αὐτοῦ
892 186 1096 230 περιουσίας
1120 183 1219 231 παρὰ
1243 186 1306 220 τοῦ

235 227 457 268 κτησαμένου
488 226 618 261 τοῦτον
648 223 855 262 ὑπεύθυνον
878 229 918 262 ἐν
940 231 1040 272 μέσῳ
1060 227 1193 276 κακούρ
1237 242 1309 275 μα·

235 266 315 302 ἀλλ’
343 267 430 305 αὐτὸ
453 272 559 306 τοῦτο
583 284 705 318 παρατ
728 276 822 316 ροίη,
855 269 962 319 ὅρκον
985 286 1025 308 τε
1046 270 1156 318 ὀμνὺς
1196 279 1239 310 πὶ
1260 276 1305 323 τῇ
1375 275 1527 312 randum
1556 277 1677 314 iurans
1711 278 1749 314 in
1784 278 2007 316 ordinatione
2042 281 2126 326 quia
2154 281 2224 317 hoc
2257 283 2448 328 custodiet,

234 319 434 360 χειροτονίᾳ
458 313 506 351 ὠς
525 318 632 351 τοῦτο
656 331 703 363 φυ
739 317 812 360 ’ξει,
835 321 896 352 καὶ
916 317 983 362 τὴν
1006 321 1045 353 ἐκ
1060 321 1122 363 τῆς
1137 319 1225 367 πρὸς
1244 321 1310 357 τὸν
1377 322 1485 358 etiam
1515 331 1591 359 eam
1622 333 1714 369 quae
1744 333 1788 360 ex
1816 324 2018 370 proditione
2041 325 2087 362 ad
2109 330 2310 363 curatorem
2333 339 2450 374 poena

236 357 482 407 συγκηδεμόνα
506 360 698 407 προδοσίας
721 362 852 407 ποινὴν
874 362 1141 409 εὐλαβούμενος.
1346 370 1365 402 5
1380 370 1433 403 est
1455 366 1700 406 reformidans.

1226 456 1382 493 CAPUT
1406 457 1468 493 111.

273 502 351 541 Ἵνα
368 505 408 542 δὲ
425 508 473 553 μὴ
493 507 613 553 δῶμεν
632 512 853 557 παραίτησιν
871 511 984 546 πᾶσιν
1000 508 1213 559 ἀνθρώποις
1230 515 1306 548 ἐπι·
1432 513 1480 548 Ut
1509 516 1628 550 autem
1659 525 1731 551 non
1760 515 1883 552 demus
1906 516 2167 553 recusationem
2196 518 2359 555 omnibus
2382 518 2448 555 ho-

234 550 404 598 τροπῆςῆ
421 552 639 597 κηδεμονίας,
661 555 692 589 εἰ
706 553 842 600 λέγοιεν
859 552 907 590 (εἷς
924 555 1114 591 ὑπεύθυνα
1130 560 1248 601 ἔχουσι
1262 557 1308 594 τὰ
1375 558 1530 595 minibus
1561 559 1695 596 tutelae
1725 561 1779 597 vel
1804 571 1921 606 curae,
1953 562 1985 599 si
2007 562 2129 598 dicant
2159 563 2244 609 quia
2274 563 2450 609 obligatas

237 597 433 644 πράγματα
467 600 544 633 τῶν
572 602 669 635 νέων
699 599 720 643 ἢ
748 602 955 647 περιφανῶς
984 599 1186 638 ὑπεύθυνοι
1215 603 1307 638 καθ·
1377 603 1512 639 habent
1540 614 1598 640 res
1629 605 1907 642 adolescentium
1939 610 2003 643 aut
2029 611 2154 653 aperte
2185 608 2331 653 obligati
2354 612 2450 653 sunt,

234 645 376 685 εστᾶσι,
408 644 642 689 θεσπίζομον,
673 645 709 679 εἴ
726 657 780 680 τις
809 645 955 691 φήσειεν
984 645 1192 682 ὑπεύθυνον
1216 651 1309 692 ἔχειν
1378 649 1569 692 sancimus,
1602 650 1633 686 si
1656 651 1735 696 quis
1760 652 1888 688 dixerit
1911 652 2103 697 obligatum
2121 663 2162 690 se
2180 653 2314 690 habere
2335 654 2449 691 mino-

234 688 300 722 τὸν
322 692 405 722 νέον
436 686 457 732 ἢ
480 688 525 724 τὰ
550 688 660 724 αὐτοῦ
683 690 877 738 πράγματα
907 690 929 735 ἢ
951 691 1033 727 τοὺς
1063 695 1126 728 τοῦ
1147 696 1229 728 νέου
1251 707 1308 741 γο-
1325 697 1365 730 10
1377 704 1451 729 rem
1480 697 1545 730 aut
1567 695 1643 731 eius
1672 706 1730 732 res
1761 701 1824 732 aut
1847 697 1992 734 minoris
2011 702 2194 743 parentes,
2225 709 2308 735 mox
2327 702 2448 736 osten-

233 736 319 776 νεῖς,
353 734 526 769 ἐντεῦθεν
550 733 733 771 δεικνύναι
756 738 863 771 τοῦτο
886 736 986 783 παρὰ
1008 737 1073 772 τὸν
1097 740 1158 782 τῆς
1181 753 1308 785 παραι-
1378 739 1461 775 dere
1484 740 1555 775 hoc
1578 741 1695 785 ipsum
1718 743 1952 780 recusationis
1975 747 2134 788 tempore
2163 744 2261 790 apud
2286 755 2366 781 00111
2389 746 2450 791 qui

234 776 369 820 τήσεως
400 779 526 826 καιρὸν
559 778 631 815 ὑπὸ
670 783 723 825 τῷ
759 779 898 816 διδόντι
937 782 1002 817 τὸν
1035 782 1214 828 κηδεμόνα
1250 788 1309 818 καὶ
1378 785 1475 820 dedit
1498 787 1698 821 curatorem
1721 791 1756 822 et
1780 788 1926 831 absolvi,
1954 793 2018 824 aut
2040 789 2071 825 si
2094 789 2267 825 incertum
2291 793 2346 826 est
2367 790 2448 833 hoc,

233 821 486 867 ἀπηλλάχθαι,
520 823 541 868 ἢ
573 826 672 874 εἴπερ
704 824 838 870 ἄδηλον
861 827 913 871 εἴη
937 830 1059 871 τοῦτο,
1092 826 1200 876 ὅρκον
1223 828 1311 875 πρὸς
1378 830 1549 875 praebeat
1583 831 1629 866 ad
1659 834 1786 868 sancta
1820 833 1961 880 eloquia
1989 833 2254 880 iusiurandum,
2289 836 2374 881 quia
2405 845 2450 871 ex

233 870 310 903 τῶν
332 867 448 916 ἁγίων
473 869 605 916 λογίων
627 868 772 915 ὑπέχειν
804 872 851 907 ῶς
881 876 958 907 ταῖς
985 871 1175 917 ἀληθείαις
1203 872 1308 910 ὑπεύ·
1378 876 1526 911 veritate
1557 876 1751 921 obligatum
1780 888 1861 914 eum
1892 888 1931 913 se
1960 878 2093 915 habere
2122 879 2271 917 credens
2294 885 2448 923 recusat,

234 913 351 948 θὐνον
383 913 494 949 αὐτὸν
524 917 620 959 ἔχειν
642 916 890 952 πεπιστευκώς
912 923 1160 965 παραιτεῖται·
1192 923 1255 954 καὶ
1279 921 1310 953 εἰ
1325 923 1364 956 15
1378 924 1414 956 et
1436 921 1467 956 si
1489 921 1560 957 11οο
1583 921 1719 957 factum
1743 923 1861 966 fuerit,
1895 923 2042 960 tutelam
2065 934 2136 960 non
2159 926 2363 980 contingere
2385 936 2447 962 ne·

232 960 339 993 τοῦτο
361 963 512 1006 γένοιτο,
544 963 606 1006 τῆς
629 964 823 1011 ἐπιτροπῆς
851 962 899 1007 μὴ
923 964 1198 1009 προςάπτεσθαι
1219 963 1310 1010 μηδὲ
1378 975 1446 1011 que
1470 977 1606 1008 curam,
1632 968 1695 1003 scd
1718 977 1798 1003 eum
1821 969 1867 1004 ab
1892 978 1935 1004 ea
1957 979 1997 1005 re
2020 969 2146 1014 procul
2167 980 2212 1006 ex
2238 970 2313 1015 0111,
2336 981 2382 1007 110
2405 981 2448 1007 ex

232 1005 293 1046 τῆς
317 1003 544 1050 κηδεμονίας,
577 1004 655 1042 ἀλλ’
684 1006 732 1042 ῶς
754 1007 978 1056 πορρωτάτω
1002 1011 1132 1045 τοῦτον
1154 1007 1309 1045 ἀπελαύ-
1376 1011 1445 1047 1100
1479 1012 1557 1057 ipso
1593 1012 1732 1049 hostem
1768 1017 1805 1049 et
1838 1024 1912 1050 non
1948 1017 2148 1051 curatorem
2231 1015 2448 1053 olescentulo

232 1050 366 1084 νεσθαι
399 1052 463 1084 τοῦ
499 1051 722 1100 πράγματος,
761 1054 821 1087 ἵνα
855 1054 904 1098 μὴ
939 1052 1102 1089 αὐτόθεν
1138 1055 1309 1100 πολέμιον
1375 1057 1622 1102 praebeamus.

231 1089 311 1128 ἀλλ’
326 1093 366 1129 οὐ
391 1094 570 1141 κηδεμόνα
594 1097 715 1143 δῶμεν
738 1099 792 1142 τῷ
816 1102 898 1143 νέῳ.

1744 188 1781 223 ui
1805 188 1915 225 habet
1942 199 2023 225 eum
2053 190 2246 236 obligatum
2272 192 2311 229 in
2332 194 2449 231 medio

1759 233 1801 269 ed
1828 233 1897 270 hoc
1927 234 2044 280 ipsum
2070 236 2247 282 observet,
2280 240 2318 274 et
2331 239 2449 275 iusiu-

1229 1191 1386 1228 CAPUT
1408 1191 1471 1228 IV.

282 1255 327 1288 Εἰ
352 1252 392 1288 δὲ
419 1253 573 1303 σιγῆσειε
596 1256 664 1300 τὴν
687 1254 798 1302 ἀρχὴν
821 1258 929 1292 τοῦτο
959 1262 1020 1292 καὶ
1042 1262 1183 1306 γένοιτο
1208 1258 1306 1315 κηδε-
1320 1263 1363 1296 20
1427 1259 1491 1295 Sin
1521 1269 1604 1297 vero
1634 1261 1789 1298 tacuerit
1818 1261 1855 1297 in
1874 1261 1985 1315 ‘initio
2016 1262 2086 1298 1100
2120 1263 2158 1299 et
2186 1261 2306 1315 factus
2337 1263 2448 1300 fuerit

229 1297 322 1342 μών,
345 1300 437 1335 ἴστω
461 1299 577 1345 πάσης
599 1299 738 1349 ἀγωγ”ε
759 1301 852 1338 κατὰ
873 1304 937 1337 τοῦ
960 1306 1054 1346 νέου,
1087 1305 1119 1338 εἰ
1141 1307 1201 1339 καὶ
1226 1304 1307 1348 αλη-
1375 1309 1530 1348 curator‚
1566 1305 1658 1342 sciat
1689 1307 1784 1343 omni
1814 1310 1955 1343 actione
1986 1307 2156 1344 adversus
2186 1318 2376 1352 minorem,
2415 1310 2447 1346 si

233 1344 300 1388 θὴς
325 1338 380 1389 ἦν,
415 1346 671 1392 ἐκπεσοὺμενος
725 1346 761 1382 ιὰ
791 1347 859 1391 τὴν
889 1347 1094 1393 ἐξεπίτηδες
1125 1349 1213 1395 πρὸς
1240 1350 1307 1385 τὸν
1372 1361 1457 1387 vera
1479 1350 1569 1394 fuit,
1601 1362 1639 1387 se
1664 1361 1850 1395 casurum,
1881 1356 2028 1398 propter
2055 1363 2100 1390 ex
2130 1353 2249 1391 studio
2277 1354 2447 1392 adversus

230 1387 343 1435 νόμον
366 1393 496 1426 τοῦτον
519 1397 865 1439 παραπροςποίησιν.
911 1395 958 1428 Εἰ
982 1393 1022 1428 δὲ
1043 1399 1108 1429 καί
1129 1407 1182 1436 τις
1205 1407 1304 1442 περι·
1371 1396 1466 1432 hanc
1489 1396 1600 1441 legem
1624 1399 1786 1433 nostram
1807 1397 2020 1442 figmentum.
2070 1399 2141 1435 Sed
2164 1399 2197 1436 si
2219 1398 2299 1445 quis
2322 1404 2445 1445 aperte

231 1437 355 1490 φανῶς
377 1434 582 1491 insitivam?
613 1436 668 1493 οἶν
696 1438 883 1493 σιγήσειεν,
917 1440 1007 1474 ἴστω
1035 1443 1096 1496 καὶ
1125 1439 1227 1495 apros
1257 1439 1307 1476 οἷς
1372 1442 1550 1495 obligatus
1586 1442 1742 1478 existens
1779 1443 1950 1488 tacuerit,
1994 1443 2102 1497 sciat·
2120 1444 2227 1481 etiam
2243 1445 2328 1498 iste
2361 1445 2446 1498 quia

230 1481 351 1561 3353:
371 1494 578 1563 simis?
593 1482 1166 1574 ttsszvst‘nt‘xzzssztss
1184 1485 1306 1566 2:2³⁶}
1317 1489 1359 1522 ²⁵
1371 1487 2446 1581 ἓξὲᾛιζὲῑεῖὶῑᾚωᾎὲι,00111181θῖ111,ξοιὲἓὲ

229 1573 290 1615 τῆς
313 1542 523 1617 κηδεμοέιίς
546 1578 849 1620 τετεχνασμέναις.
1137 1545 1167 1575 ῳ
1249 1545 1300 1577 ρῳ
1371 1577 1523 1614 rationis
1545 1578 1672 1616 forsan
1694 1581 1773 1615 arte
1795 1579 2012 1625 compositis.

1224 1667 1380 1704 CAPUT
1403 1668 1448 1705 V.

274 1724 321 1757 W
343 1720 386 1757 δέ
405 1734 458 1757 τις
481 1719 529 1757 οἷς
547 1721 685 1769 εἴρηται
707 1722 897 1769 γενόμενος
919 1720 1085 1767 κηδεμών
1108 1723 1186 1757 εἶτα
1206 1737 1304 1770 περι·
1429 1725 1533 1770 Quod
1562 1726 1594 1762 si
1623 1725 1718 1771 quis,
1752 1726 1858 1762 sicuti
1889 1726 2023 1762 dictum
2053 1729 2122 1769 est,
2155 1727 2274 1764 factus
2299 1731 2446 1764 curator

228 1765 411 1816 εργὰζοιτο
442 1766 488 1802 τὰ
519 1768 583 1802 τοῦ
614 1770 696 1801 νέου
720 1765 914 1814 πράγματα
942 1771 1003 1802 καὶ
1026 1767 1233 1824 έκχωρνξσεις
1257 1770 1304 1804 εἰς
1372 1771 1499 1807 deinde
1529 1770 1676 1806 minoris
1706 1781 1764 1807 res
1794 1771 1901 1807 fucrit
1929 1775 2177 1817 perscrutatus
2208 1777 2244 1809 et
2267 1773 2444 1810 cessiones

229 1813 358 1848 ἑαυτὸν
382 1810 404 1856 ἣ
426 1811 518 1848 κατὰ
542 1811 682 1859 δωρεὰν
705 1810 728 1856 ἢ
750 1811 841 1847 κατὰ
865 1814 1000 1858 πρᾶσιν
1023 1811 1044 1857 ἢ
1067 1813 1146 1847 καθ
1180 1815 1304 1861 ἕτερον
1317 1816 1409 1851 30111
1432 1819 1544 1852 semet
1572 1817 1650 1862 ipso
1680 1819 1743 1851 aut
1770 1826 1835 1862 per
1864 1816 2089 1853 donationem
2117 1820 2182 1854 aut
2210 1818 2444 1856 venditionem

228 1856 443 1903 οἱανδήποτε
472 1857 610 1905 τρόπον
641 1856 813 1904 πράττοι,
842 1858 935 1892 ἵστω
960 1862 1142 1893 παντοίως
1174 1857 1303 1906 ἄκυρον
1372 1865 1437 1897 ant
1457 1862 1527 1897 alio
1575 1861 1711 1897 uolibet
1732 1862 1844 1907 egerit
1862 1861 1978 1905 modo,
2003 1862 2092 1898 sciat
2110 1863 2252 1900 omnino
2265 1863 2442 1900 infirmum

228 1905 321 1939 εἶναι
343 1903 386 1939 τὸ
410 1903 502 1950 παρ’
529 1901 638 1938 αὐτοῦ
660 1901 860 1950 γινόμενον,
892 1906 952 1937 καὶ
979 1902 1069 1948 μήτε
1098 1902 1149 1938 δι’
1175 1905 1303 1939 ἑαυτοῦ
1372 1916 1450 1943 esse
1474 1918 1544 1952 quo
1592 1907 1637 1942 ab
1662 1916 1703 1942 eo
1726 1906 1837 1942 fuerit
1858 1906 2005 1950 factum,
2037 1911 2074 1943 et
2095 1917 2140 1944 ne
2163 1919 2209 1944 ue
2223 1918 2297 1962 per
2318 1918 2359 1945 se
2380 1919 2442 1945 ne-

227 1949 316 1995 μήτε
339 1947 399 1984 διὰ
422 1949 734 1996 παρεντιθεμένου
758 1947 947 1994 προςώπου
971 1949 1114 1984 τοιοῦτό
1132 1963 1169 1984 τι
1194 1949 1304 1996 πράτ-
1372 1962 1441 1998 que
1463 1962 1528 1997 per
1550 1952 1797 1997 interpositam
1820 1962 2008 1999 personam
2031 1953 2102 1989 tale
2163 1954 2258 2000 'quid
2281 1954 2348 2000 agi,
2380 1954 2443 1990 sed

228 1996 373 2038 τεσθαι,
396 1992 485 2029 ἀλλὰ
508 1991 747 2037 πανταχόθεν
769 1991 943 2041 ἀνίσχυρα
967 1994 1016 2029 τὰ
1037 1997 1187 2030 τοιαῦτα
1211 1999 1302 2038 γίνε-
1369 1997 1526 2043 undique
1546 1997 1705 2034 invalida
1727 1998 1816 2034 haec
1829 1998 1926 2034 ‚talia
1947 1998 2043 2041 fieri,
2072 2002 2252 2045 tamquam
2275 1999 2306 2035 si
2327 2009 2444 2045 neque

228 2042 321 2075 σθάι
356 2038 482 2075 &savae
516 2038 607 2085 μηδὲ
641 2038 709 2083 τὴν
743 2035 854 2084 ἀρχὴν
884 2038 1068 2087 γενόμενα.
1119 2038 1301 2086 πρόδηλον
1316 2045 1357 2078 35
1370 2043 1415 2078 ab
1439 2043 1540 2079 initio
1561 2042 1660 2079 facta
1674 2042 1819 2078 fuerint.
1856 2043 2087 2079 Manifestum
2106 2054 2259 2091 namque
2280 2049 2335 2081 est
2349 2044 2443 2090 quia,

226 2088 293 2134 γὰρ
318 2083 383 2127 αἶς,
415 2086 515 2133 εἴπερ
538 2086 586 2120 εἰς
608 2081 780 2127 τοιαύτην
810 2086 955 2119 ἔννοιαν
985 2087 1149 2130 ἐμπέσοι,
1180 2085 1302 2121 πάντα
1371 2088 1403 2123 si
1435 2088 1473 2123 in
1507 2089 1615 2124 talem
1646 2088 1897 2134 cogitationem
1926 2089 2110 2132 inciderit,
2146 2090 2265 2129 omnia
2297 2094 2379 2136 aget
2406 2093 2443 2126 et

228 2130 354 2178 πράξει
383 2134 443 2165 καὶ
474 2129 644 2175 διοικήσει
675 2129 763 2176 πρὸς
793 2128 950 2175 ὄλεθρον
983 2133 1051 2174 μὲν
1085 2132 1146 2175 τῆς
1176 2132 1302 2166 ἑαυτοῦ
1371 2133 1535 2179 disponet
1569 2133 1615 2170 ad
1650 2133 1831 2170 interitum
1866 2134 2007 2188 quidem
2041 2145 2128 2171 suae
2156 2135 2297 2172 animae
2331 2137 2369 2172 et
2396 2135 2443 2171 ad

229 2178 355 2222 ψυχῆς,
385 2178 463 2211 τῶν
486 2175 526 2211 δὲ
549 2178 780 2223 φαινομένων
810 2174 919 2210 αὐτοῦ
939 2174 1166 2224 πραγμάτων
1187 2175 1303 2220 δῆθεν
1371 2188 1489 2215 rerum
1514 2190 1605 2225 quae
1628 2180 1703 2216 eius
1728 2180 1830 2225 quasi
1852 2180 2015 2215 videntur
2037 2180 2238 2216 utilitatem.

227 2268 271 2303 ab
288 2279 331 2304 eo
356 2268 419 2314 qui
443 2267 694 2313 obliqationem
718 2266 891 2303 adversus
909 2266 1011 2302 illum
1030 2266 1231 2312 acquisivit,
1255 2268 1395 2304 interim
1417 2269 1529 2315 fraus
1576 2273 1636 2311 at;
1655 2269 1721 2305 sed
1742 2268 1809 2305 hoc
1831 2270 1949 2322 ipsum
1973 2270 2137 2307 observet
2157 2274 2192 2307 et
2207 2271 2443 2310 iureiurando

226 2324 306 2348 cum
328 2313 561 2349 constituitur
573 2312 755 2359 praestito
778 2323 818 2348 se
841 2311 910 2348 boc
930 2311 1199 2356 custoditurum,
1222 2316 1259 2349 et
1274 2324 1431 2360 poenam
1453 2325 1504 2351 ex
1553 2314 1597 2351 de
1619 2319 1850 2351 concuratort
1871 2315 2021 2362 prodita
2043 2317 2186 2353 veritus.

285 2352 289 2358 ⁸
359 2359 425 2394 111.
473 2358 529 2394 Ne
551 2369 635 2394 vero
661 2358 825 2394 omnibus
847 2356 1051 2394 bominibus
1073 2359 1343 2394 excusationem
1369 2360 1501 2396 tutelae
1523 2360 1579 2396 vel
1601 2370 1712 2396 curae
1734 2360 1986 2404 concedamus,
2019 2361 2053 2397 si
2074 2361 2144 2397 sibi
2166 2361 2347 2409 obligatas
2367 2374 2444 2401 esse

226 2415 285 2440 res
307 2404 484 2439 minorum
515 2404 573 2440 vel
599 2414 637 2439 se
659 2403 856 2450 manifesto
882 2403 1062 2450 obliqatos
1083 2414 1160 2439 esse
1183 2403 1325 2446 dicant,
1356 2406 1554 2449 sancimus,
1585 2407 1619 2441 si
1641 2407 1723 2452 quis
1745 2405 1844 2443 dicat
1868 2416 1907 2442 se
1928 2407 2102 2444 minorem
2131 2407 2189 2444 vel
2208 2418 2268 2444 res
2289 2408 2367 2445 eius
2386 2410 2444 2446 vet

220 2454 396 2497 parentes
419 2449 570 2485 minoris
593 2448 772 2495 obliqatos
795 2448 937 2492 babere,
961 2452 1003 2484 ut
1024 2449 1108 2484 ilico
1132 2448 1199 2485 boc
1215 2450 1351 2496 probet
1373 2451 1471 2486 intra
1496 2455 1635 2498 tempus
1657 2452 1906 2487 excusationis
1931 2451 2033 2499 apud
2053 2463 2133 2488 eum
2156 2454 2219 2500 qui
2241 2458 2444 2491 curatorem

226 2496 302 2538 dat,
325 2496 377 2530 ita
404 2506 448 2530 ue
472 2494 653 2538 liberetur,
677 2494 734 2530 vel
747 2494 780 2529 si
802 2494 842 2530 id
862 2494 1037 2530 incertum
1058 2494 1117 2537 sit,
1139 2499 1403 2531 sacramentum
1425 2497 1542 2532 sacris
1564 2497 1718 2542 eloquiis
1738 2496 1941 2543 propositis
1955 2501 2131 2543 praestet,
2153 2509 2192 2534 se
2214 2508 2295 2535 cum
2317 2510 2443 2535 revera

226 2551 306 2576 eum
331 2539 373 2575 ob
390 2541 527 2586 iqatum
555 2539 626 2576 sibi
651 2550 725 2575 esse
741 2550 960 2586 persuasum
981 2539 1113 2575 babeat
1142 2539 1224 2576 ideo
1248 2542 1437 2583 accusari,-
1473 2545 1510 2578 et
1529 2543 1563 2577 si
1583 2541 1653 2578 boc
1672 2542 1815 2588 factum
1837 2543 1902 2585 sit,
1933 2542 2079 2578 tutelam
2102 2554 2148 2579 ne
2169 2545 2329 2591 attinqat
2357 2555 2444 2582 neve

227 2596 362 2627 curam,
385 2585 451 2620 sed
472 2585 679 2630 lonqissime
698 2585 742 2620 ab
763 2596 806 2621 eo
826 2586 971 2632 neqotio
993 2589 1229 2628 removeatur,
1253 2597 1298 2622 ne
1317 2585 1386 2622 hoo
1407 2587 1489 2633 ipso
1513 2586 1649 2623 bostem
1673 2598 1718 2623 ac
1736 2598 1810 2623 non
1828 2591 2032 2640 curatorem
2054 2587 2178 2624 demus
2199 2589 2340 2625 minori.

360 2630 421 2666 IV.
468 2629 608 2673 Quodsi
634 2630 738 2665 initio
769 2630 837 2666 boc
865 2630 1050 2666 reticuerit
1090 2633 1126 2665 et
1161 2635 1312 2667 curator
1339 2631 1466 2677 factus
1487 2633 1551 2674 sit,
1582 2633 1676 2669 sciat
1697 2643 1736 2668 se
1767 2632 1865 2668 omni
1895 2637 2038 2669 actione
2064 2632 2238 2670 adversus
2259 2644 2442 2678 minorem,

226 2676 368 2711 etiamsi
390 2686 475 2711 vera
497 2675 562 2718 sit,
595 2686 780 2718 casurum,
809 2675 896 2723 quia
925 2675 970 2711 de
1000 2674 1180 2712 industria
1208 2676 1381 2713 adversus
1409 2677 1503 2713 banc
1533 2678 1646 2724 leqem
1677 2677 2071 2730 dissimulatione-usus
2091 2678 2147 2715 sit.
2203 2677 2339 2722 Quodsi
2360 2680 2443 2726 quis

226 2722 334 2756 etiam
363 2731 443 2755 cum
465 2721 661 2766 manifesto
686 2720 866 2767 obliqatus
889 2721 953 2762 sit,
986 2722 1159 2762 tacuerit,
1189 2721 1251 2757 ille
1299 2733 1417 2768 uoque
1439 2724 1532 2759 sciat
1554 2734 1632 2759 eam
1661 2734 1700 2759 se
1717 2734 1876 2770 poenam
1898 2722 2118 2767 subiturum,
2146 2727 2186 2759 ut
2207 2729 2363 2771 nequeat
2383 2735 2441 2761 so-

228 2766 422 2801 lutionibus
445 2765 570 2801 aliisve
592 2765 864 2802 liberationibus
886 2765 1004 2802 debito
1027 2777 1066 2802 se
1088 2766 1248 2803 eximere
1268 2733 1430 2819 ssortasse
1455 2772 1614 2815 tempore
1637 2779 1748 2820 curae
1767 2779 1836 2815 per
1851 2767 2022 2814 fraudem
2045 2769 2262 2820 compositis.

360 2811 404 2847 V.
454 2809 496 2845 Si
517 2811 598 2862 quis
620 2821 717 2853 vero,
741 2811 795 2846 uti
817 2811 950 2847 dictum
972 2816 1043 2854 est,
1074 2815 1223 2848 curator
1244 2813 1371 2858 factus
1397 2813 1481 2849 inde
1511 2824 1570 2849 res
1592 2814 1744 2849 minoris
1768 2817 2021 2860 perscrutetur
2049 2813 2159 2860 idque
2185 2819 2276 2861 ορατ
2304 2819 2345 2851 ut
2367 2825 2439 2851 oee—

226 2857 347 2893 siones
376 2855 444 2892 sibi
467 2855 538 2902 ipsi
568 2854 626 2891 vel
642 2866 713 2902 per
736 2855 966 2892 donationem
995 2856 1054 2892 vel
1072 2868 1145 2903 per
1168 2857 1404 2893 venditionem
1428 2858 1484 2894 vel
1498 2869 1571 2905 per
1593 2859 1703 2894 alium
1726 2858 2020 2904 qualemcumque
2049 2858 2194 2910 moduni
2213 2859 2332 2912 fiam,-
2349 2862 2443 2913 sciat

227 2902 372 2937 omnino
395 2901 538 2936 irritum
562 2911 638 2936 esse
659 2900 759 2946 quod
776 2901 821 2937 ab
836 2902 916 2948 ipso
930 2905 1083 2947 qeratur
1097 2906 1134 2937 et
1154 2913 1270 2949 neque
1318 2914 1358 2939 er
1379 2914 1419 2939 se
1441 2914 1486 2939 ne
1513 2915 1557 2939 ue
1570 2915 1646 2956 per
1667 2903 1917 2955 interpositam
1932 2913 2133 2950 personam
2158 2903 2333 2957 eiusmodi
2355 2905 2443 2951 qud

227 2947 347 2994 eoeiqi,
378 2946 443 2982 sed
463 2945 623 2991 undique
644 2945 790 2990 infirma
821 2947 909 2982 haec
939 2946 1027 2982 talia
1046 2947 1131 2992 fieri
1158 2948 1241 2994 peri
1291 2959 1311 2983 e
1334 2958 1378 2983 ac
1401 2950 1436 2984 si
1456 2914 1510 2984 a?
1524 2949 1632 3001 initio
1680 2953 1764 2985 acta
1789 2959 1863 3001 non
1884 2951 1966 3000 smt.
2007 2947 2251 2994 ‚Mmtifestum
2274 2959 2366 2985 enam
2389 2954 2442 2986 est

226 3003 317 3035 eum,
340 2993 373 3028 si
392 2991 498 3027 modo
521 2991 560 3025 in
585 2990 690 3025 talem
714 2991 968 3037 coqitationem
991 2991 1168 3035 inciderit,
1193 2993 1314 3028 omnia
1338 2993 1387 3029 ad
1403 2994 1546 3029 animae
1568 3004 1629 3039 qui
1657 3004 1712 3028 em
1734 3004 1823 3029 suae
1845 2996 2040 3036 intentum,
2063 3003 2183 3029 rerum
2207 2998 2326 3031 autem
2348 3006 2442 3041 quae

272 3086 292 3119 3
316 3080 396 3117 ἀλλ’
412 3079 500 3116 αὐτὸ
514 3084 591 3124 Mc]
616 3078 703 3115 ἀλλὰ
725 3083 765 3124 L,
790 3079 873 3116 ἀλλ’
890 3079 996 3116 αὐτὸς
1019 3086 1100 3117 coni.
1116 3085 1303 3118 Zachariae

226 3132 283 3175 (cs.
298 3132 344 3164 ad
354 3131 386 3171 ς)
404 3128 417 3169 ΙΙ
439 3131 459 3163 5
478 3124 726 3170 συνκηδεμόνα
739 3127 785 3161 M
801 3124 982 3170 κηδεμόνα
993 3129 1044 3162 L‘·
1059 3130 1103 3170 (ς)
1120 3128 1132 3172 ΙΙ
1159 3130 1179 3163 8
1203 3140 1303 3175 περι·

226 3176 349 3221 φανῶς
362 3175 466 3216 MLa]
479 3172 676 3220 προφανῶς
688 3171 735 3206 L⁶
748 3174 804 3215 (cs.
815 3180 860 3207 23.
872 3174 949 3214 359,
958 3175 1007 3215 28)
1026 3173 1038 3217 ΙΙ
1057 3176 1094 3208 11
1107 3174 1227 3215 τοῦτο]
1241 3175 1303 3208 1100

226 3224 334 3264 ipsum
351 3233 370 3257 ς
388 3221 400 3259 ΙΙ
423 3232 475 3253 πα
499 3217 533 3261 ἁ]
557 3230 603 3253 πε
627 3221 640 3251 2
656 3219 852 3251 Haloander
868 3218 881 3261 ΙΙ
904 3214 975 3251 ὑπὸ
993 3216 1057 3251 τὸν
1073 3231 1104 3252 τ.
1122 3230 1161 3253 π.
1178 3217 1303 3263 καιρὸν

227 3264 324 3311 παρὰ
352 3266 405 3308 τῷ
431 3262 467 3298 δι
492 3262 572 3299 όντι
599 3231 788 3297 {actuariae
816 3261 829 3306 ΙΙ
861 3265 902 3297 13
933 3259 1178 3304 ἀπηλλάχθαι]
1213 3277 1301 3309 παρ·

225 3310 383 3356 ηλέγχθη
397 3312 448 3344 La
459 3309 472 3356 ΙΙ
486 3312 527 3345 16
563 3311 687 3352 ένηται
700 3309 731 3342 L
743 3307 756 3352 ΙΙ
770 3309 808 3341 21
821 3315 851 3342 et
863 3309 905 3342 23
918 3309 977 3341 καὶ
991 3321 1048 3341 οηι.
1059 3321 1079 3344 ς
1090 3308 1102 3353 ΙΙ
1124 3311 1165 3342 22
1174 3322 1220 3352 sq.
1234 3308 1301 3342 τὸν

226 3369 339 3443 0οῖ
361 3356 632 3435 riszam
644 3354 752 3445 ¹3⁸⁶ss
773 3355 962 3442 {fiam
985 3352 1067 3439 '313³
1081 3365 1175 3441 322⁴

227 3418 239 3435 A

226 3449 360 3480 miscere
383 3413 462 3487 (1).οέ
471 3444 658 3490 ἐμβάλλειν
667 3445 697 3488 ’1)
719 3444 768 3488 §fl
791 3445 833 3479 32
857 3442 898 3477 τὸ
924 3439 1014 3487 παρ’
1031 3440 1140 3496 αῆτοῦ
1159 3441 1298 3489 γινόμε-

226 3496 301 3533 νον]
338 3492 426 3534 quod
457 3492 498 3525 ab
530 3503 568 3525 eo
599 3491 701 3524 fuerit
730 3490 854 3523 factum
885 3491 918 3529 (ἱ.
945 3502 970 3521 e.
994 3491 1198 3534 γενόμενον)
1222 3502 1241 3543 ξ,-
1282 3489 1299 3541 fl

225 3546 298 3580 post
319 3534 509 3583 γινόμενον
533 3539 610 3571 add.
631 3534 720 3580 μήτε
743 3533 874 3580 ἄκυρον
893 3533 986 3567 εἶναι
999 3531 1052 3586 ,τὸ
1076 3530 1168 3587 qao:
1189 3546 1298 3568 αυτου

226 3581 414 3627 γινόμενον
429 3583 473 3616 L'
491 3582 503 3626 ΙΙ
523 3584 564 3617 38
580 3581 646 3624 τὴν
666 3579 707 3615 δὲ
722 3581 943 3626 φαινομένην
961 3591 1040 3613 των
1059 3591 1168 3613 αυτου
1184 3592 1296 3626 πραγ-

226 3626 352 3669 μάτων
377 3629 466 3662 malit
483 3629 671 3662 Zachariae

1418 3085 1438 3118 2
1462 3085 1542 3118 haec
1565 3085 1650 3118 ῘῘΤ2
1674 3086 1687 3128 Ι]
1709 3087 1743 3127 ἰῇ
1766 3086 1801 3125 (ι’.
1815 3097 1840 3118 e.
1858 3085 1927 3126 ipse
1936 3084 1966 3126 2²)
1993 3085 2026 3117 V
2042 3083 2055 3128 ΙΙ
2078 3087 2111 3117 et
2133 3084 2365 3119 iusiurandum
2389 3086 2441 3119 in·

1371 3140 1448 3163 rans
1468 3130 1514 3171 V]
1539 3130 1674 3171 eiusque
1697 3129 1928 3162 iusiurandum
1952 3129 2143 3171 (iurandum
2166 3130 2231 3172 ΒΡ)
2254 3130 2352 3164 iuans
2373 3131 2407 3165 R

1370 3177 1393 3209 4
1416 3175 1527 3216 etiam]
1553 3177 1586 3207 et
1610 3175 1644 3208 T
1667 3174 1680 3217 fl
1707 3175 1726 3209 8
1750 3173 1992 3207 adolescentum
2022 3175 2055 3207 V
2074 3174 2088 3218 Ι]
2119 3177 2161 3210 10
2183 3177 2330 3218 parentis
2351 3176 2387 3210 R

1369 3220 1521 3253 ostendet
1541 3220 1592 3253 V⁰
1608 3219 1621 3263 ΙΙ
1649 3221 1690 3254 14
1709 3219 1845 3252 haberes
1866 3220 1917 3252 Va
1934 3218 1948 3263 ΙΙ
1971 3220 2013 3253 20
2037 3220 2096 3252 Sin
2117 3221 2199 3262 ΒΤ]
2225 3221 2261 3254 Si
2283 3222 2406 3266 γυιάς.

1369 3265 1405 3298 in
1431 3278 1488 3298 om.
1513 3264 1549 3297 R
1573 3263 1586 3309 ΙΙ
1617 3265 1659 3298 22
1683 3266 1828 3307 propter]
1857 3269 1991 3307 proptor
2014 3265 2094 3298 haee
2117 3265 2169 3299 13²
2202 3269 2338 3310 propter
2361 3267 2442 3301 haec

1369 3309 1457 3351 quod
1478 3308 1528 3343 V³
1556 3309 1568 3353 ΙΙ
1599 3311 1639 3344 23
1665 3309 1895 3352 *figmentum1
1929 3309 2101 3343 firmentur
2124 3310 2257 3345 RVT²
2293 3312 2442 3345 firmetur

1370 3356 1403 3388 T
1408 3355 1422 3375 ²
1434 3355 1519 3398 vulq.
1536 3354 1550 3399 fl
1569 3356 1611 3388 25
1625 3358 1703 3397 quo]
1724 3358 1763 3388 ut
1780 3368 1805 3389 ε.
1818 3367 1847 3388 v.
1870 3354 1920 3388 V³
1943 3356 2032 3396 quod
2055 3356 2139 3400 vulq.
2155 3355 2168 3401 ΙΙ
2187 3356 2442 3390 redibitionibus

1369 3400 1446 3433 libri
1461 3398 1474 3443 Ι]
1490 3400 1534 3433 26
1547 3401 1695 3442 miscere]
1709 3400 1827 3434 eiicere
1841 3400 1934 3434 Beck
1949 3400 1962 3444 Η
1989 3401 2029 3434 27
2043 3403 2125 3443 arte]
2143 3412 2182 3433 ae
2201 3402 2255 3444 (εἰ
2270 3419 2311 3432 ==
2325 3405 2402 3435 ante
2410 3401 2441 3443 2)

1366 3444 1413 3478 R·
1430 3444 1444 3489 ΙΙ
1462 3447 1655 3496 composites
1675 3446 1726 3479 Va
1742 3445 1755 3490 ΙΙ
1773 3446 1815 3497 28
1827 3445 1953 3478 dictum
1967 3453 2015 3479 est
2027 3446 2127 3480 sicuti
2148 3447 2195 3480 V¹
2211 3448 2291 3500 1129
2301 3447 2442 3480 minoris

1366 3492 1430 3568 253?
1447 3501 1486 3568 1¹⁷⁸
1490 3501 1564 3568 ²:¹35
1567 3490 1871 3579 ἴθιῖζὲᾏῑῗέὀὲἓῗ
1872 3502 1967 3580 ῒαιζῗ
1989 3492 2119 3581 [318ἓῖ
2134 3492 2440 3581 ἐῖὲῗῧῖοὲἔῖηέἶ

1365 3582 1440 3622 que]
1470 3591 1612 3623 namque
1636 3583 1715 3615 haec
1739 3582 1791 3615 13⁰
1818 3581 1830 3625 ΙΙ
1859 3582 1903 3615 36
1927 3588 2002 3624 aget
2034 3586 2066 3616 et
2097 3583 2250 3625 disponet
2269 3583 2311 3615 ad
2332 3582 2438 3624 Beck]

1363 3626 1418 3667 agi
1439 3629 1471 3659 et
1492 3626 1624 3670 disponi
1648 3630 1680 3661 et
1702 3628 1744 3661 ad
1763 3627 1818 3669 (ad
1841 3640 1900 3661 om.
1914 3627 1960 3670 R)
1985 3629 2062 3663 libri
2081 3627 2095 3673 fl
2121 3630 2162 3662 37
2187 3630 2231 3669 et}
2255 3627 2314 3662 sed
2338 3627 2440 3662 Oten-

1364 3673 1506 3716 bray-qen
