2476 3854
92 99 167 142 Ed.
192 100 246 142 IV
272 103 307 142 1.
329 103 352 141 2
1176 96 1262 144 762
1942 115 2003 145 DE
2032 115 2316 149 MAffls'rRA'ru

90 210 334 256 εἰςαγαγόντες
361 213 422 244 καὶ
452 206 575 244 πάντα
603 205 658 243 ἐπ’
690 204 844 253 ὠφελείᾳ
872 205 1003 253 ταύτης
1034 206 1243 257 πράξαντες,
1271 207 1329 243 διὰ
1352 211 1460 244 τοῦτο
1479 207 1657 255 ᾠήθημεν
1679 212 1809 257 χρῆναι
1832 214 1893 246 καὶ
1916 212 1984 257 τὴν
2008 210 2121 258 ἀρχὴν
2144 215 2206 257 τῆς
2226 214 2316 260 πρὸς

89 257 143 298 vagi
168 253 328 299 Λιβάνῳ
362 257 529 297 Φοινίκης
559 255 597 286 ἐκ
624 254 701 287 τῶν
731 253 957 298 ἡγεμονικῶν
987 254 1036 288 εἰς
1058 253 1322 298 σπεκταβιλίαν
1354 256 1519 301 ἐνεγκεῖν,
1551 259 1611 289 καὶ
1643 255 1686 290 τὸ
1711 258 1777 291 τοῦ
1799 255 2049 303 μοδεράτωρος
2073 255 2162 301 αὐτῆ
2187 256 2314 293 δοῦναι

90 301 209 344 σχῆμα
241 303 301 334 καὶ
335 300 490 342 σιτήσεις
519 294 609 345 αὐτῇ
641 296 724 342 ἄχρι
757 295 843 331 δέκα
867 296 1002 342 λιτρῶν
1025 296 1197 352 ἀφορίσαι
1221 303 1374 344 χρυσίου,
1400 297 1510 335 αὐτοῦ
1534 302 1601 344 μὲν
1623 299 1737 345 μηδὲν
1760 304 1813 345 τῷ
1839 300 2000 346 δημοσίῳ
2024 293 2192 348 παρέχειν
2216 300 2314 348 όφεί-

89 343 215 379 λοντος
242 343 422 390 προφάσει
456 344 517 385 τῆς
547 343 715 385 τοιαι’της
746 345 975 389 προαγωγῆς,
1007 356 1072 378 του
1105 341 1146 378 δὲ
1174 343 1218 378 τὸ
1253 346 1421 388 Φοινίκης
1451 349 1612 392 σκρίνιον
1642 343 1897 391 τρακτείοντος
1928 344 2014 381 δέκα
2035 348 2150 390 μόνας
2172 352 2315 392 χρυσίου

90 389 211 436 λίτρας
240 391 381 432 ἐτησίας
410 385 574 422 διδόντος
606 384 680 422 ἀπὸ
710 389 774 421 τοῦ
805 387 956 422 κανόνος
986 390 1049 432 τῆς
1072 385 1182 432 αὐτῆς
1204 391 1374 434 ἐπαρχίας
1396 391 1450 433 τῷ
1471 389 1565 424 κατὰ
1589 391 1717 435 καιρόν
1740 390 1971 438 περιβλέπτῳ
1995 397 2212 438 πριμικηρίῳ
2237 395 2314 428 τῶν
2338 396 2358 428 5

90 434 360 479 λαμπροτάτων
380 433 586 478 τριβούνων
607 436 790 478 νοταρίων
811 429 902 478 ὑπὲρ
925 435 987 476 τῆς
1011 433 1139 480 πρῴην
1164 431 1263 477 αὐτῷ
1289 433 1477 479 δεδομένης
1494 433 1640 481 δωρεᾶς,
1666 432 1756 481 ὅπερ
1780 439 1839 470 καὶ
1863 440 2069 483 βενεφίκιον
2088 436 2315 482 ὀνομάζεται,

89 483 150 513 καὶ
180 479 328 514 ταύταις
358 476 403 521 δὴ
433 481 493 511 καὶ
517 477 647 521 μόναις
678 475 872 522 ἀρκεῖσθαι
903 474 1025 513 αὐτόν.
1071 479 1138 513 τοῦ
1169 477 1419 534 μοδεράτωρος
1449 480 1616 525 καθαροῦ
1644 478 1779 516 δόσεως
1810 482 1926 525 πάσης
1955 481 2232 537 φυλαττομένου,
2255 485 2317 518 καὶ

89 528 230 567 ἔχοντος
251 526 318 568 μὲν
342 526 402 557 καὶ
422 522 489 566 τὴν
511 524 590 557 τῶν
613 522 736 556 ἄλλων
759 525 999 567 στρατιωτῶν
1021 521 1222 571 ὑπουργίαν
1242 523 1335 559 καθ’
1361 522 1450 559 όσον
1472 522 1571 569 αὐτῶ
1595 523 1748 561 δίδωσιν
1771 522 1792 570 ἦ
1817 526 1905 561 θεία
1928 524 2032 571 ἡμῶν
2056 525 2236 569 διαταξις·

1092 613 1249 650 CAPUT
1272 614 1320 651 ΙΙ.

226 678 324 724 πλὴν
354 678 429 715 ἀλλ’
465 680 647 735 ἐξαίρετον
673 677 774 724 αὐτῷ
805 677 953 724 δίδομεν
985 678 1054 715 τὸν
1074 678 1239 727 ἀριθμὸν
1262 682 1340 716 τῶν
1363 679 1635 727 ἀνδρειοτάτων
1657 681 1978 729 τερτιοδελμάτων,
2003 680 2042 718 ὃς
2062 686 2121 719 ἐπὶ
2143 683 2206 727 τῆς
2229 683 2313 717 Φοι-

89 728 206 760 νίκων
233 726 350 772 χώρας
380 728 491 769 ἐστίν,
526 725 615 760 ῶςτε
647 723 758 759 αὐτοῦ
782 726 997 760 κατακούειν
1020 727 1182 761 ἕπεσθαί
1202 739 1242 761 τε
1266 723 1364 769 αὐτῷ
1390 730 1450 761 καὶ
1473 730 1551 762 ταῖς
1574 724 1686 762 αὐτοῦ
1710 729 1915 763 πείθεσθαι
1939 727 2149 771 κελεύσεσιν,
2174 725 2312 762 ὁπόσαι
2339 728 2378 761 10

90 770 252 816 προΐοιεν
284 774 346 805 ἐπί
373 784 414 806 τε
440 774 518 805 ταῖς
548 771 625 805 τῶν
655 768 842 815 δημοσίων
871 770 1093 816 εἱςπράξεσιν
1124 773 1188 806 ἐπί
1212 784 1252 806 τε
1282 774 1360 806 ταῖς
1389 773 1466 806 τῶν
1493 769 1678 817 δημοσίων
1701 771 1968 808 καταστάσεσιν
1991 775 2053 809 ἐπί
2075 787 2115 808 τε
2137 775 2215 808 ταῖς
2236 773 2314 807 τῶν

91 815 237 850 πόλεων
268 813 477 851 ἀπαθείαις.
524 817 642 851 ταῦτα
671 819 797 850 τοίνυν
825 811 975 850 ἅπαντα
1003 816 1228 861 θεσπίζομεν
1258 816 1327 859 τὴν
1358 816 1427 870 σῂν
1459 815 1640 863 ὑπεροχὴν
1663 819 1919 862 ἐπισταμένην,
1951 818 2046 853 διότι
2069 821 2128 853 καὶ
2149 815 2314 862 σύμβολα

90 858 175 907 παρ’
208 858 315 905 ἡμῶν
345 861 519 908 γίνεσθαι
550 859 780 906 προςετάχθη
804 861 892 906 πρὸς
914 861 982 895 τὸν
1005 862 1066 904 τῆς
1090 859 1194 905 ἀρχῆς
1218 860 1351 904 ταύτης
1374 863 1584 908 ηγούμενον,
1608 862 1672 897 τὰς
1696 862 1817 899 decem
1839 863 2012 901 librarum
2035 863 2114 898 auri
2136 863 2201 897 τὰς
2223 860 2314 907 ὑπὲρ

91 905 272 950 σιτήσεων
300 908 339 940 ἐκ
364 908 441 941 τῶν
470 907 532 949 τῆς
561 907 732 950 ἐπαρχίας
762 902 891 952 φόρων
922 904 1119 948 ἐκτάττειν,
1143 904 1249 940 οὐδὲν
1271 905 1545 951 ἐλαττουμένων
1568 908 1646 942 τῶν
1669 905 1999 953 διατετυπωμένων
2023 906 2196 943 δίδοσθαι
2215 908 2315 942 ἔτους

90 951 242 985 ἑκάστου
263 953 318 994 τῷ
341 950 570 996 περιβλέπτῳ
595 955 813 996 πριμικηρίῳ
837 952 916 984 τῶν
940 949 1208 997 λαμπροτάτων
1231 951 1439 995 τριβούνων
1462 956 1644 997 νοταρίων
1667 952 1767 999 παρὰ
1788 954 1853 988 τοῦ
1868 956 1940 987 τοῖς
1955 951 2137 997 δημοσίοις
2153 953 2311 998 ἐφεστῶ-
2339 953 2379 986 15

91 999 114 1033 1
149 1007 208 1031 τος
232 995 421 1042 λογισμοῖς,
445 993 518 1030 ἀλλ’
541 992 624 1030 οὐδὲ
644 993 809 1030 πλείονός
833 1007 928 1030 τινος
949 999 1137 1042 γινομένης
1160 996 1364 1043 προςθήκης
1387 993 1495 1041 αύτῷ.
1538 997 1654 1040 Ἐχειν
1679 996 1719 1031 δὲ
1742 994 1855 1032 αὐτὸν
1871 1001 2051 1046 προτέραν
2067 1000 2136 1043 μὲν
2151 994 2315 1040 σπουδὴν

90 1041 160 1083 τὴν
191 1045 273 1086 περὶ
301 1042 345 1075 τὸ
378 1039 553 1085 δημόσιον
584 1040 740 1084 εὖνοιαν,
767 1039 939 1086 δευτέραν
967 1039 1008 1075 δὲ
1036 1041 1104 1084 τὴν
1134 1045 1216 1087 περὶ
1248 1043 1310 1084 τῆς
1339 1039 1501 1083 εὐταξίας
1523 1044 1600 1077 τῶν
1623 1042 1779 1086 πόλεων,
1799 1046 1859 1077 καὶ
1881 1047 2008 1089 τρίτην
2030 1042 2098 1086 τὴν
2121 1043 2211 1088 πρὸς
2233 1041 2315 1076 τοὺς

91 1084 239 1120 ἰδιώτας
262 1084 506 1130 δικαιοσύνην,
529 1085 695 1130 πάντων,
717 1082 766 1120 αἷς
788 1086 935 1131 εἴρηται,
955 1087 1033 1121 τῶν
1055 1089 1314 1133 γεγραμμένων
1337 1085 1422 1132 παρ’
1449 1084 1555 1132 ἡμῶν
1578 1089 1618 1122 ἐν
1641 1089 1685 1134 τῇ
1711 1087 1799 1131 θείᾳ
1818 1086 1924 1132 ἡμῶν
1946 1086 2109 1129 διατάξει
2133 1086 2313 1133 προφάσει

91 1133 116 1167 2
162 1132 225 1174 τῆς
256 1129 512 1166 καταστάσεως
535 1133 614 1165 τῶν
641 1130 909 1177 μοδερατώρων
939 1134 999 1165 καὶ
1031 1132 1109 1166 τῶν
1139 1131 1280 1167 λοιπῶν
1301 1129 1491 1177 ἀρχόντων
1511 1136 1570 1166 καὶ
1594 1129 1649 1167 ἐπ’
1677 1130 1775 1176 αὐτῷ
1796 1134 1919 1178 χώραν
1943 1130 2220 1178 λαμβανόντων.
2269 1131 2314 1166 Εἰ

89 1179 216 1221 μέντοι
242 1189 282 1223 γε
314 1175 334 1210 ό
367 1177 492 1220 ῥηθεὶς
522 1175 681 1222 α’ριθμὸς
709 1177 787 1210 τῶν
817 1177 1121 1215 καθωσιωμένων
1147 1175 1456 1222 τερτιοδελμάτων
1479 1178 1571 1212 κατὰ
1595 1176 1753 1212 κέλευσιν
1777 1176 1953 1224 ἡμετέραν
1976 1179 2024 1212 εἰς
2046 1179 2184 1223 ἑτέρους
2205 1189 2312 1222 μετα·
2337 1177 2380 1210 20

91 1225 197 1264 σταίη
229 1221 380 1265 τόπους,
412 1223 653 1267 φροντιοῦμεν
682 1217 781 1265 ἡμεῖς
810 1223 933 1266 ἕτερον
961 1218 1059 1265 αὐτῷ
1087 1220 1413 1265 ἆντικαταστῆσαι,
1446 1219 1534 1257 ῶςτε
1563 1221 1674 1266 μηδὲν
1706 1220 1803 1265 αὐτῷ
1829 1222 2015 1258 παντελῶς
2046 1222 2222 1258 ἐλλείπειν
2252 1221 2314 1265 τῆς

90 1269 347 1311 νενομισμένης
371 1279 410 1301 τε
432 1269 493 1301 καὶ
516 1264 689 1311 ἀρκούσης
712 1266 895 1310 βοηθείας.
943 1268 1007 1300 τοῦ
1031 1266 1271 1312 περιβλέπτου
1295 1265 1417 1302 δουκὸς
1440 1267 1530 1312 πρὸς
1553 1267 1620 1302 τὸν
1643 1268 1830 1314 εἰρημένον
1852 1267 1961 1314 λόγον
1983 1266 2156 1311 οὐδεμίαν
2172 1268 2314 1310 ἔχοντος

92 1315 310 1356 μετουσίαν·
335 1309 421 1346 οὐδὲ
441 1311 510 1358 γὰρ
533 1311 817 1354 ἐπικοινωνῆσαι
842 1310 956 1346 αὐτὸν
979 1310 1192 1356 βουλόμεθα
1213 1311 1297 1347 οὔτε
1320 1315 1393 1346 τοῖς
1408 1313 1525 1359 ῥητῶς
1541 1310 1742 1357 δεδομένοις
1757 1312 1997 1358 στρατιώταις
2011 1315 2067 1356 τῷ
2082 1311 2313 1359 περιβλέπτῳ

90 1354 319 1404 μοδεράτωρι
349 1355 432 1391 οὔτε
463 1355 624 1391 ἰδιωτῶν
653 1353 783 1395 οὐδενί,
815 1355 898 1391 οὔτε
921 1360 998 1391 ταῖς
1018 1358 1169 1391 ἐκείνων
1193 1355 1306 1391 δίκαις
1329 1353 1421 1392 ὅταν
1445 1358 1559 1399 ἔχοιεν
1581 1357 1672 1402 πρὸς
1694 1355 1869 1401 ἀλλήλους,
1894 1357 1976 1392 οὔτε
1999 1359 2030 1392 εἰ
2051 1359 2129 1392 τῶν
2152 1356 2314 1391 ἰδιωτῶν

93 1414 146 1436 τις
167 1402 350 1447 ’ἐνάγοιτο-
372 1401 463 1447 πρὸς
482 1399 543 1436 οὓς
565 1398 737 1446 ούδεμίαν
760 1399 970 1445 δεδώκαμεν
994 1398 1094 1445 αὐτῷ
1119 1406 1324 1446 μετουσίαν,
1348 1404 1426 1437 ἐπεὶ
1450 1402 1541 1437 πολὺ
1565 1403 1608 1437 τὸ
1631 1405 1742 1447 μέσον
1765 1404 1843 1437 ἐστὶ
1865 1404 2124 1448 στρατιωτικῆς
2145 1415 2185 1437 τε
2205 1414 2314 1447 φρον-
2337 1402 2381 1436 25

90 1446 189 1481 τίδος
219 1450 280 1481 καὶ
306 1446 490 1490 πολιτικῆς
519 1445 738 1489 διοικήσεως,
770 1450 830 1480 καὶ
854 1444 909 1480 δεῖ
930 1445 1184 1492 διακεκρίσθαι
1204 1448 1331 1490 ταῦτα,
1358 1446 1530 1493 καθάπερ
1553 1447 1589 1482 οἱ
1611 1450 1759 1492 πατέρες
1782 1448 1845 1491 τῆς
1867 1447 2048 1482 πολιτείας
2069 1446 2155 1492 ἡμῖν
2179 1445 2314 1487 ἔταξάν

91 1505 131 1526 τε
162 1496 222 1526 καὶ
253 1492 529 1534 κατεστήσαντο.
576 1490 729 1526 εἰδότων
757 1493 836 1526 τῶν
859 1491 1113 1537 περιβλέπτων
1139 1490 1290 1534 δουκῶν,
1322 1490 1370 1527 ῶς
1392 1493 1492 1538 εἴπερ
1516 1491 1686 1537 ἐμβαλεῖν
1709 1492 1854 1527 ἑαυτοὺς
1876 1493 2102 1538 θαρρήσαιεν
2125 1491 2314 1538 πράγμασι

92 1536 297 1576 πολιτικοῖς,
329 1534 413 1570 οὐδὲ
442 1538 521 1572 τῶν
552 1538 828 1581 στρατιωτικῶν
858 1534 1121 1583 ἀντιλήψονται
1150 1541 1210 1571 καὶ
1240 1535 1311 1573 ὑπὸ
1343 1537 1413 1581 την
1444 1535 1558 1583 ἀρχὴν
1581 1537 1720 1581 ταύτην
1742 1537 1966 1578 τετάξονται.
2013 1536 2222 1581 βουλόμεθα
2245 1536 2314 1581 γὰρ

91 1582 185 1616 κατὰ
209 1580 323 1626 μηδὲν
347 1580 525 1616 ἐλάττονα
546 1582 614 1625 τὴν
638 1579 750 1627 ἀρχὴν
773 1581 911 1625 ταύτην
933 1583 996 1626 τῆς
1018 1583 1083 1617 τοῦ
1104 1580 1229 1617 δουκὸς
1252 1580 1359 1628 ἀρχῆς
1381 1581 1621 1626 καθεστάναι,
1655 1579 1729 1616 ἀλλ’
1753 1580 1974 1625 ἀντέχεσθαι
1995 1586 2071 1627 μέν,
2096 1579 2144 1616 ῶς
2167 1581 2314 1628 εἴρηται,

91 1628 154 1670 τῆς
174 1628 253 1661 τῶν
283 1625 467 1670 δημοσίων
497 1626 710 1671 εἰςπράξεως
733 1627 801 1661 σὺν
825 1624 1046 1674 σφοδρότητι
1070 1626 1178 1675 πάσῃ,
1201 1624 1422 1671 ἀντέχεσθαι
1446 1625 1486 1661 δὲ
1508 1631 1568 1662 καὶ
1590 1629 1652 1671 τῆς
1675 1628 1752 1662 τῶν
1776 1625 1937 1662 ἰδιωτῶν
1960 1625 2152 1670 ἀπαθείας,
2176 1630 2237 1661 καὶ
2261 1626 2310 1671 μὴ
2338 1630 2382 1664 30

92 1675 289 1718 συγχωρεῖν
315 1671 406 1717 μήτε
437 1674 511 1706 τοῖς
540 1671 793 1717 περιβλέπτοις
823 1670 921 1713 δουξὶ
951 1672 1042 1716 μήτε
1073 1675 1145 1706 τοῖς
1176 1671 1442 1718 λαμπροτάτοις
1472 1672 1659 1719 φυλάρχοις
1685 1673 1774 1715 μήτε
1804 1675 1877 1707 τινὶ
1903 1674 1981 1707 τῶν
2005 1671 2174 1707 δυνατῶν
2192 1671 2314 1714 οἴκων,

92 1715 181 1751 ἀλλὰ
212 1715 303 1761 μηδὲ
334 1718 388 1760 τῷ
421 1717 516 1760 θείῳ
544 1715 651 1760 ἡμῶν
682 1721 909 1763 πατριμονίῳ
941 1716 964 1760 ἢ
995 1720 1068 1752 τοῖς
1099 1718 1215 1752 θείοις
1245 1717 1350 1762 ἡμῶν
1383 1716 1574 1763 πριβάτοις
1597 1713 1619 1760 ἢ
1642 1718 1696 1760 τῷ
1720 1718 1815 1761 θείῳ
1837 1716 1942 1762 ἡμῶν
1965 1717 2052 1762 οἴκῳ
2075 1716 2144 1760 τὴν
2167 1716 2315 1751 οἱανοῦν

93 1764 210 1809 ἐπαγα
234 1766 288 1796 εῖν
318 1765 392 1797 τοῖς
419 1760 602 1808 ἡμετέροις
633 1759 822 1797 ὑποτελέσι
852 1764 995 1805 ζημίαν,
1026 1760 1109 1796 οὐδὲ
1139 1763 1427 1797 κατακλίνεσθαι
1449 1759 1533 1797 οὐδὲ
1554 1765 1708 1807 τρέμειν,
1736 1759 1810 1796 ἀλλ’
1838 1761 2017 1807 ἀνδρικῶς
2039 1763 2118 1797 τῶν
2139 1759 2314 1805 ὑπηκόων

91 1805 193 1863 ἡγεῖσ
214 1820 265 1887 δαι
293 1810 353 1841 καὶ
367 1805 506 1886 θπάντα
525 1807 702 1852 πράττειν
724 1805 848 1842 ὁπόσα
871 1809 933 1843 ἐπὶ
956 1809 1030 1842 τοῖς
1053 1805 1172 1842 ἄλλοις
1193 1805 1446 1854 μοδεράτωρσι
1468 1806 1690 1851 νενόμισται.
1737 1810 1797 1840 καὶ
1821 1804 1918 1842 οὕτω
1941 1807 1987 1842 τὰ
2012 1810 2094 1852 περὶ
2115 1808 2194 1842 τῶν
2216 1803 2314 1841 ὅλων

93 1866 192 1896 αυτῳ
237 1856 362 1887 ιοικεῖσ
396 1866 444 1886 αι.
2338 1858 2380 1891 35

92 1975 222 2018 ductis,
252 1974 484 2020 omnibusque
514 1973 565 2010 ad
593 1974 670 2010 eius
701 1974 891 2010 utilitatem
920 1975 1023 2016 actis,
1051 1977 1251 2021 propterea
1271 1974 1480 2020 putavimus
1503 1978 1671 2021 oportere
1693 1975 1800 2011 etiam
1823 1974 2075 2022 maqistratum
2097 1973 2317 2010 Phoeniciae

93 2021 144 2056 ad
165 2019 342 2056 Libanum
373 2030 423 2056 ex
447 2019 645 2055 ordinariis
667 2019 706 2054 in
729 2019 959 2066 spectabilem
984 2019 1200 2063 transferre,
1231 2024 1267 2055 et
1289 2018 1529 2055 moderatoris
1550 2020 1711 2065 formam
1734 2020 1767 2055 ei
1791 2019 1879 2055 dare
1901 2023 1937 2056 et
1959 2029 2126 2055 annonas
2148 2019 2182 2055 ei
2204 2029 2318 2065 usque

93 2066 142 2102 ad
165 2066 285 2101 decem
316 2065 399 2100 auri
422 2064 533 2100 libras
556 2065 757 2110 assiqnare‚
780 2064 834 2100 ita
856 2067 897 2100 ut
920 2065 999 2111 ipse
1023 2064 1166 2111 quidem
1215 2067 1340 2111 ropter
1364 2062 1459 2100 hanc
1478 2064 1741 2111 promotionem
1761 2064 1851 2109 fisco
1875 2063 1969 2100 nihil
1983 2063 2162 2111 praebere
2178 2063 2316 2106 debeat,

91 2111 156 2147 sed
170 2110 389 2147 Phoeniciae
411 2109 540 2146 scrinii
562 2112 742 2145 tractator
765 2109 884 2145 decem
911 2113 1050 2145 tantum
1073 2110 1159 2145 auri
1192 2109 1291 2146 ibras
1314 2119 1457 2145 annuas
1480 2109 1540 2145 det
1561 2120 1611 2146 ex
1626 2119 1765 2145 canone
1780 2108 1936 2145 eiusdem
1943 2109 2159 2156 provinciae
2175 2111 2316 2155 specta—

93 2156 156 2192 bili
177 2166 248 2202 pro
273 2159 431 2201 tempore
450 2155 659 2201 primicerio
684 2154 966 2190 clarissimorum
991 2154 1218 2191 tribunorum
1240 2155 1467 2190 notariorum
1484 2165 1560 2201 pro
1584 2165 1729 2191 munere
1751 2165 1868 2201 nuper
1882 2154 1916 2190 ei
1933 2153 2077 2197 tributo,
2095 2154 2195 2200 quod
2208 2153 2316 2189 etiam

93 2201 302 2246 beneficium
323 2203 567 2246 nuncupatur,
598 2203 634 2235 et
659 2199 734 2235 illis
756 2199 843 2235 solis
865 2203 1054 2235 contentus
1075 2199 1132 2234 sit.
1179 2198 1391 2236 Moderator
1415 2203 1534 2235 autem
1557 2210 1581 2235 a
1603 2199 1810 2235 muneribus
1832 2199 1995 2235 omnibus
2011 2209 2147 2252 purum
2169 2209 2209 2234 se
2231 2208 2316 2234 con-

93 2250 220 2290 servet,
248 2249 358 2292 atque
387 2245 494 2280 etiam
517 2248 717 2281 ceterorum
741 2244 893 2280 militum
917 2244 1114 2280 ministerio
1137 2247 1273 2287 utatur,
1297 2243 1477 2290 quomodo
1498 2245 1531 2281 ei
1551 2255 1659 2280 sacra
1682 2249 1807 2280 nostra
1830 2244 2039 2280 constitutio
2060 2243 2236 2290 permittit
2243 2255 2259 2285 ;

228 2290 275 2327 H.
322 2294 566 2326 verumtamen
595 2290 767 2325 eximium
796 2289 851 2324 illi
879 2289 1007 2325 damus
1027 2289 1313 2335 fortissimorum
1338 2288 1696 2325 Tertiodelmatorum
1718 2299 1917 2332 numerum,
1975 2288 2013 2324 ui
2034 2289 2073 2323 in
2096 2287 2316 2324 Phoenicum

93 2337 243 2383 reqione
275 2338 340 2378 est,
368 2339 411 2371 ut
438 2335 473 2370 ei
503 2334 697 2371 oboediant
724 2345 875 2380 eumque
905 2338 1104 2380 sequantur
1134 2338 1170 2370 et
1196 2335 1304 2370 iussis
1326 2334 1404 2370 eius
1420 2339 1591 2380 pareant,
1621 2345 1855 2381 quaecunque
1877 2337 1913 2370 et
1959 2344 1979 2369 e
2001 2333 2229 2380 vectiqalium
2251 2343 2317 2369 ex-

95 2381 296 2417 actionibus
327 2384 363 2416 et
391 2379 436 2416 de
464 2379 682 2426 reipublicae
712 2379 906 2425 disciplina
935 2384 971 2415 et
995 2379 1039 2415 de
1061 2379 1245 2415 civitatum
1268 2379 1514 2416 incolumitate
1531 2379 1747 2426 procedunt.
1794 2378 1897 2414 Haec
1917 2378 2032 2425 iqitur
2056 2378 2176 2414 omnia
2198 2377 2317 2414 excel-

36 2433 38 2435 '
95 2427 243 2462 lentiam
267 2431 365 2461 tuam
388 2426 568 2468 scientem,
592 2425 762 2471 quoniam
785 2425 893 2460 etiam
911 2427 1114 2471 praecepta
1137 2435 1160 2459 a
1183 2424 1288 2460 nobis
1307 2424 1395 2469 fieri
1413 2424 1513 2459 iussa
1535 2427 1621 2460 sunt
1635 2424 1685 2459 ad
1699 2423 1805 2459 huius
1821 2423 2058 2469 magistratus
2074 2423 2316 2470 praefectum,

94 2472 277 2507 sancimus
300 2470 420 2506 decem
440 2470 525 2505 illas
545 2480 616 2516 pro
641 2469 796 2505 annonis
820 2468 932 2505 libras
954 2469 1037 2505 auri
1059 2479 1109 2504 ea:
1129 2469 1342 2515 provinciae
1358 2468 1500 2505 tributis
1515 2469 1743 2512 constituere,
1765 2468 1818 2503 ita
1833 2473 1874 2504 ut
1889 2468 2032 2503 minime
2046 2467 2316 2510 imminuantur,

95 2527 189 2563 quae
212 2516 294 2551 dari
318 2516 515 2551 constituta
537 2518 624 2550 sunt
646 2515 840 2560 quotannis
866 2525 889 2549 a
911 2514 1139 2560 publicarum
1156 2514 1340 2550 rationum
1350 2518 1596 2559 procuratore
1612 2513 1799 2560 spectabili
1809 2513 2019 2559 primicerio
2035 2512 2317 2549 clarissimorum

93 2565 116 2598 1
163 2561 387 2597 tribunorum
411 2559 651 2602 notariorum,
682 2559 748 2595 sed
779 2570 824 2595 ne
847 2570 905 2594 am
934 2559 1004 2594 lius
1035 2559 1177 2605 quidem
1209 2559 1400 2612 quicquam
1431 2559 1467 2594 ei
1487 2558 1655 2594 addatur.
1704 2557 1761 2593 Sit
1783 2561 1902 2594 autem
1923 2558 2080 2610 primum
2103 2558 2139 2594 ei
2158 2556 2316 2594 studium

95 2610 136 2642 ut
161 2607 253 2651 fisco
281 2605 494 2658 prospiciat,
526 2604 678 2641 alterum
709 2608 750 2640 ut
773 2571 1001 2650 disciplinam
1025 2607 1125 2639 curet
1147 2603 1343 2646 civitatum,
1373 2603 1516 2639 tertium
1544 2607 1583 2639 ut
1605 2603 1745 2639 iustitia
1763 2613 1853 2649 erqa
1874 2607 2040 2648 privatos
2062 2606 2208 2644 utatur,·
2237 2611 2317 2638 eum

97 2651 217 2686 omnia
248 2653 301 2692 (ut
332 2650 466 2685 dictum
495 2653 561 2691 est)
586 2659 680 2694 quae
701 2649 839 2695 scripta
862 2653 948 2684 sunt
971 2660 994 2684 a
1016 2648 1120 2684 nobis
1142 2649 1180 2683 in
1203 2659 1311 2684 sacra
1334 2652 1462 2684 nostra
1485 2648 1739 2684 constitutione
1762 2647 1807 2683 de
1828 2651 1926 2683 statu
1947 2647 2211 2683 moderatorum
2233 2645 2316 2682 reli-

95 2697 119 2732 2
155 2705 379 2741 quorumque
401 2695 678 2740 magistratuum
700 2697 810 2736 statu,
834 2695 941 2730 etiam
960 2694 997 2728 in
1019 2693 1081 2729 illo
1107 2693 1224 2729 locum
1247 2692 1413 2730 habeant.
1461 2691 1502 2728 Si
1522 2703 1606 2729 vero
1622 2693 1740 2728 dictus
1754 2692 1962 2729 devotorum
1977 2691 2318 2728 tertiodelmatorum

95 2750 267 2775 numerus
294 2750 344 2775 ex
374 2740 532 2782 iussione
562 2742 689 2774 nostra
712 2740 750 2774 in
774 2739 848 2774 alia
873 2739 1120 2784 transferatur
1144 2738 1236 2782 loca,
1260 2749 1328 2773 nos
1351 2739 1386 2773 in
1407 2737 1485 2773 eius
1508 2737 1625 2773 locum
1648 2737 1800 2773 alterum
1824 2737 1880 2773 illi
1902 2736 2188 2774 substituendum
2207 2746 2312 2772 cura-

96 2786 223 2827 bimus,
247 2788 287 2819 ut
309 2783 402 2818 nihil
423 2795 503 2819 eum
525 2784 668 2819 omnino
693 2794 742 2820 ex
764 2784 873 2819 solito
897 2788 933 2819 et
953 2783 1160 2830 sufficiente
1183 2783 1325 2819 auxilio
1349 2782 1502 2827 deficiat.
1551 2782 1766 2829 Spectabilis
1789 2785 1905 2818 autem
1929 2781 2009 2818 dua:
2032 2781 2167 2817 nullam
2187 2779 2319 2817 habeat

90 2834 236 2877 partem
269 2829 308 2863 in
337 2839 381 2865 ea
413 2839 521 2873 quam
552 2828 713 2863 diximus
743 2829 904 2864 ratione:
927 2839 1043 2874 neque
1065 2828 1157 2864 enim
1183 2828 1462 2864 communionem
1486 2828 1518 2863 ei
1538 2838 1614 2863 esse
1637 2828 1799 2864 volumus
1822 2831 1886 2862 aut
1909 2837 1988 2862 cum
2012 2826 2182 2862 militibus
2204 2825 2315 2860 nomi-

96 2875 210 2910 natim
240 2873 335 2909 datis
365 2872 554 2919 spectabili
584 2873 823 2915 moderatori,
855 2878 920 2908 aut
951 2884 1030 2908 cum
1060 2873 1288 2920 privatorum
1319 2872 1406 2914 ullo,
1438 2883 1554 2919 neque
1583 2873 1620 2907 in
1652 2872 1773 2908 litibus
1800 2871 1955 2914 illorum,
1986 2872 2019 2906 si
2048 2881 2141 2917 quas
2163 2871 2258 2906 inter
2278 2879 2318 2906 se

97 2920 263 2961 habeant,
298 2928 413 2964 neque
440 2918 473 2952 si
501 2918 582 2962 quis
617 2918 843 2963 privatorum
882 2928 966 2953 reus
1000 2919 1069 2953 sit.-
1106 2919 1143 2953 in
1179 2918 1310 2964 quibus
1344 2917 1482 2953 nullam
1514 2918 1547 2952 ei
1576 2922 1720 2964 partem
1757 2916 1930 2959 dedimus,
1965 2916 2136 2962 quoniam
2170 2914 2318 2950 multum

96 2966 246 3001 interest
267 2964 362 2998 inter
383 2961 573 2998 militarem
598 2972 721 2997 euram
746 2967 782 2997 et
805 2963 942 2999 civilem
965 2963 1310 2999 administrationem
1326 2967 1435 3008 atque
1450 2961 1539 2997 haee
1553 2972 1629 2998 esse
1644 2962 1823 2997 disiuncta
1841 2964 1994 3008 oportet,
2020 2958 2316 3006 quemadmodum

89 3014 222 3056 patres
252 3007 472 3054 reipublicae
503 3006 607 3042 nobis
637 3007 854 3043 ordinarunt
885 3012 919 3042 et
945 3008 1221 3044 constituerunt.
1269 3006 1466 3053 Sciantque
1495 3006 1708 3052 spectabiles
1738 3006 1858 3047 duces,
1889 3006 1921 3040 si
1951 3005 2058 3041 rebus
2087 3003 2248 3040 civilibus
2276 3013 2317 3038 se

96 3055 293 3090 immiscere
323 3053 405 3088 ausi
431 3052 520 3092 sint,
553 3062 598 3085 ne
629 3051 802 3087 militares
826 3052 969 3097 quidem
991 3063 1030 3088 se
1053 3053 1281 3088 exercituros
1303 3063 1380 3088 esse
1402 3056 1438 3087 et
1461 3051 1544 3087 huic
1566 3051 1796 3097 maqistratui
1818 3049 2011 3085 subiectum
2034 3049 2091 3084 iri.
2146 3047 2317 3083 Volumus

96 3100 190 3136 enim
222 3100 260 3134 in
291 3097 393 3133 nulla
422 3107 463 3133 re
493 3096 707 3141 inferiorem
738 3095 833 3130 hunc
863 3097 1115 3143 maqistratum
1146 3097 1247 3132 ducis
1270 3097 1485 3143 maqistratu
1508 3106 1596 3138 esse,
1626 3095 1690 3131 sed
1709 3105 1857 3141 operam
1880 3093 1970 3130 dare
1991 3093 2084 3129 sicut
2107 3092 2241 3128 dictum
2263 3097 2318 3128 est

93 3145 272 3190 fiscalium
291 3142 477 3179 exactioni
500 3152 579 3177 cum
612 3141 708 3176 omm·
736 3141 936 3183 severitate,
969 3152 1118 3188 operam
1144 3141 1234 3177 dare
1263 3142 1371 3178 etiam
1395 3141 1626 3187 privatorum
1655 3138 1906 3181 incolumitati,
1938 3148 2004 3174 nec
2023 3138 2230 3185 permittere
2253 3142 2318 3173 aut

95 3189 352 3236 spectabilibus
382 3186 533 3223 ducibus
564 3190 630 3221 aut
660 3185 871 3220 clarissimis
896 3186 1048 3222 tribunis
1071 3190 1136 3222 aut
1158 3186 1223 3222 ulli
1246 3197 1295 3222 ex
1319 3185 1483 3221 domibus
1498 3184 1714 3232 potentium,
1737 3183 1802 3219 sed
1827 3194 1871 3218 ne
1894 3193 2001 3219 sacro
2030 3182 2173 3228 quidem
2190 3187 2316 3218 nostro

97 3235 318 3281 patrimonio
350 3236 415 3269 aut
442 3232 559 3268 sacris
581 3231 717 3266 nostris
744 3230 898 3276 priuatis
928 3235 993 3266 aut
1021 3241 1150 3267 sacrae
1173 3235 1319 3267 nostrae
1342 3230 1474 3272 domui,
1499 3233 1539 3264 ut
1561 3229 1753 3274 quicquam
1775 3227 1899 3263 damni
1921 3228 2087 3264 subiectis
2110 3227 2245 3264 nostris
2262 3227 2317 3262 in-

96 3282 234 3326 serant,
258 3288 324 3314 nec
345 3277 443 3323 flecti
466 3286 531 3313 nec
547 3275 741 3323 trepidare,
764 3274 830 3310 sed
842 3275 996 3320 sortiter
1011 3275 1178 3311 subiectis
1190 3285 1363 3322 praeesse
1378 3274 1569 3319 omniaque
1583 3274 1722 3319 facere,
1740 3283 1986 3319 quaecumque
2004 3273 2042 3309 in
2058 3273 2141 3309 aliis
2156 3272 2317 3308 modera-

99 3325 237 3362 toribus
259 3323 388 3359 valent.
435 3323 552 3369 Atque
574 3321 628 3357 ita
652 3331 746 3367 quae
769 3319 818 3356 ad
840 3330 961 3355 rerum
983 3330 1155 3356 summam
1172 3320 1361 3367 pertinent
1383 3319 1429 3355 ab
1453 3328 1495 3355 eo
1520 3317 1826 3354 administrentur.

143 3474 164 3506 4
193 3469 407 3515 προαγωγῆς
431 3468 630 3507 Zachariae]
661 3465 896 3511 προσαγωγῆς
918 3465 958 3497 Μ
989 3464 1001 3506 ΙΙ
1037 3468 1055 3496 ti
1085 3462 1170 3505 λαμ·
1240 3464 1304 3496 τοῦ
1324 3465 1368 3497 Μ
1395 3464 1408 3507 ss
1441 3466 1482 3498 16
1506 3464 1536 3497 εἰ
1557 3465 1650 3505 ἔχειν
1669 3465 1718 3506 Μ,
1748 3466 1808 3496 καὶ
1831 3465 1925 3504 ἔχειν
1949 3463 2136 3497 Zachariae
2170 3463 2182 3507 ΙΙ
2213 3464 2255 3497 23
2267 3475 2316 3506 sq.

97 3515 271 3558 ποοτάτῳ
296 3516 513 3558 πριμικηρίῳ
534 3513 610 3546 τῶν
633 3509 887 3556 περιβλέπτων
900 3506 1106 3553 τριβούνων
1123 3509 1173 3550 Μ,
1242 3504 1468 3542 οὐδὲ-οῦδὲ
1483 3528 1508 3533 -
1523 3506 1607 3543 οὐδὲ
1628 3510 1698 3550 (sed
1720 3506 1805 3542 οὔτε
1827 3508 1859 3541 εἰ
1881 3507 1972 3551 τῶν)
1998 3508 2047 3549 ΙΙΙ,
2081 3520 2162 3542 corr·
2188 3507 2320 3542 Schoell

99 3550 183 3596 cdrr.
207 3561 395 3594 Zachariae
421 3559 433 3602 ΙΙ
457 3561 475 3592 Ἰ
501 3557 649 3602 καθαρᾶ
674 3557 725 3599 Μ,
750 3569 832 3590 corr.
858 3555 1044 3588 Zachariae
1061 3553 1073 3597 ΙΙ
1091 3555 1111 3588 9
1135 3547 1173 3585 ὃς
1239 3553 1251 3598 ΙΙ
1275 3554 1317 3588 28
1339 3554 1579 3599 στρατιωτῶν
1603 3555 1661 3587 Ma
1687 3552 1701 3599 ΙΙ
1731 3555 1769 3587 31
1786 3566 1834 3597 sq.
1859 3550 2005 3597 μηδὲ-ο
2018 3549 2162 3597 μηδὲ-
2175 3549 2317 3596 Wlffl-

104 3606 345 3649 osenbruqqen]
370 3601 419 3636 ὠς
444 3602 490 3637 Μ
506 3604 517 3646 ΙΙ
547 3605 584 3637 11
610 3602 717 3635 malim
741 3602 818 3634 ταῖς
842 3597 1026 3641 δημοσίαις
1045 3594 1172 3631 στάσε-
1239 3597 1330 3642 μήτε
1355 3599 1405 3641 JI,
1430 3612 1510 3633 corr.
1535 3600 1668 3634 Schoell

99 3662 159 3685 σιν
183 3652 239 3685 sed
255 3653 297 3694 ef.
311 3663 347 3694 p.
364 3650 418 3691 69,
434 3646 475 3693 811
492 3649 529 3682 13
551 3644 631 3680 οἷοι-ἰ
643 3646 703 3691 ΙΙΙΙῙ
718 3649 758 3680 15
783 3646 997 3690 πριμικυρίῳ
1012 3643 1071 3688 Ml}
1083 3643 1171 3684 τῶν]
