2592 3840
247 80 354 122 Nov.
386 79 507 122 XXV
538 81 575 121 6.
607 92 672 133 ep.

244 189 311 225 τὸν
335 192 469 243 ἐκείνης
492 189 664 235 ῥυθμίζοι
688 187 836 243 τρόπον.
882 185 940 220 Ἐκ
965 185 1005 221 δὲ
1029 186 1074 230 δὴ
1098 188 1158 230 τῆς
1181 185 1322 222 ὑποκει-

1326 74 1408 120 202

1868 90 1928 119 DE
1957 89 2189 121 PRAETORE
2217 90 2473 122 LYCAONIAE

1393 186 1561 223 mandata
1583 197 1666 224 vero
1691 188 1767 224 eius
1789 190 1918 222 ornent
1936 187 2091 223 modum.
2138 188 2196 223 Ex
2211 188 2372 225 subiecta
2389 199 2472 226 vero

244 239 352 280 μένης
380 236 590 291 απογραφῆς
620 232 716 287 τῷὸέ
747 234 800 275 τῷ
834 232 928 286 θείας
957 229 1066 285 ᾑμιῦν
1092 231 1193 286 νόμῳ
1218 230 1327 276 δῆλον
1395 232 1635 277 descriptione
1669 232 1755 268 huic
1789 241 1915 267 sacrae
1951 236 2099 268 nostrae
2137 232 2207 278 legi
2241 234 2360 278 palam
2394 234 2472 276 erit,

244 285 364 322 ἔσται,
395 284 434 314 τί
462 293 530 324 μεν
553 290 727 325 προςηκον
759 279 859 311 ἐστιν
883 289 994 310 αυτον
1020 290 1215 323 γινομενον
1238 291 1325 324 προ-

245 324 352 371 φάσει
375 327 452 359 τῶν
475 326 537 367 τῆς
559 322 666 370 ἀρχῆς
689 325 858 367 παρέχειν
878 319 1083 364 συμβόλων,
1109 326 1148 356 τί
1165 320 1206 356 δὲ
1224 321 1324 366 αὐτῷ

245 384 285 404 τε
309 374 369 403 καὶ
389 367 559 415 παρέδρῳ
584 371 642 401 καὶ
663 370 737 402 τοῖς
759 369 841 412 περὶ
865 362 977 400 αὐτὸν
995 367 1240 412 χορηγεῖσθαι.
1277 368 1325 401 Εἰ

246 413 286 449 δὲ
309 419 372 448 καί
392 426 493 448 τινας
515 412 687 459 ἄρχοντας
715 413 793 446 τῶν
817 409 970 453 πλησίον
994 409 1116 445 αὐτῶν
1139 414 1324 458 ἐπαρχιῶν

246 458 464 503 ἀμελοῦντας
488 456 599 503 εὕροις
631 461 713 503 περὶ
744 455 786 490 τὸ
811 453 995 499 δημόσιον,
1027 453 1092 499 οὐχ
1123 459 1245 504 ἕτερον
1270 459 1323 491 ἐκ·

247 507 409 548 πέμψεις,
439 500 517 537 ἀλλ’
545 500 664 536 αὐτοῖς
689 504 762 535 τοῖς
786 499 1054 544 σπεκταβιλίοις
1077 500 1245 548 ἄρχουσιν
1269 505 1323 537 ἐν·

246 547 416 591 οχλήσεις,
450 545 538 582 ὥςτε
568 543 693 581 αὐτοὺς
723 545 941 588 ἐπιτεθῆναι
972 548 1046 579 τοῖς
1076 547 1115 579 ἐκ
1147 544 1324 593 γειτόνων

1419 277 1481 312 uid
1504 277 1645 321 quidem
1669 279 1850 322 competat
1873 287 1955 312 eum
1975 277 2179 313 ordinatum
2203 279 2392 314 occasione
2411 290 2472 315 co-

1395 288 1593 358 aiciuorum
1619 321 1936 357 administrationis
1967 323 2151 367 praebere,
2183 321 2269 367 quid
2296 326 2417 359 autem
2439 324 2472 360 ei

1360 371 1379 403 5
1394 371 1430 402 et
1462 367 1635 402 assessori
1666 368 1703 402 et
1733 366 1794 411 qui
1825 366 1923 402 circa
1953 377 2035 402 eum
2066 369 2152 403 sunt
2182 366 2387 404 ministrari.
2434 368 2474 409 Si

1393 414 1512 447 autem
1547 412 1655 447 etiam
1690 411 1831 456 aliquos
1865 411 2001 447 iudices
2036 412 2138 447 iuxta
2175 422 2237 448 eas
2270 413 2472 467 provincias

1392 457 1617 500 neglegentes
1640 456 1818 491 inveneris
1843 455 1937 491 circa
1962 455 2110 499 fiscalia,
2136 468 2209 493 non
2231 458 2341 493 ahum
2362 457 2472 494 desti-

1391 501 1508 542 nabis,
1533 501 1596 536 sed
1621 500 1710 545 ipsis
1735 501 1992 554 spectabilibus
2013 501 2189 537 iudicibus
2213 502 2405 548 delegabis‚
2431 507 2474 538 ut

1390 546 1462 591 ipsi
1494 546 1702 581 immineant
1731 546 1858 582 vicinis
1888 546 2078 589 iudicibus,
2114 547 2147 582 si
2172 547 2401 592 neglexerint,
2437 551 2473 584 et

245 593 424 640 ἄρχουσιν,
448 594 479 626 εἰ
499 592 711 638 ῥᾳθυμοῖεν,
731 593 790 624 καὶ
812 589 1099 636 παρασκευάζειν
1118 592 1234 626 ταῦτα
1257 594 1323 627 πᾶ·
1341 595 1379 627 10
1391 594 1586 636 procurent
1610 591 1702 626 haec
1727 591 1892 628 omnibus
1915 591 2048 627 inferre
2070 591 2194 628 modis.

246 651 305 673 σιν
329 639 535 681 εἰςκομίζειν
559 637 714 683 τρόποις.

290 680 384 728 <Ἐπ
392 687 407 716 ί
413 682 457 716 λο
465 695 513 729 yo
521 681 564 725 ς.)
605 681 673 714 Τὸν
688 684 811 714 τοίνυν
830 679 999 726 παρόντα
1015 680 1129 725 νόμον
1146 680 1242 725 ἡμεῖς
1257 684 1325 727 μὲν

246 726 474 770 ἀποτεθῆναι
505 728 559 770 τῷ
591 726 668 760 τῶν
699 725 820 759 θείων
851 722 956 769 ἡμῶν
986 723 1188 767 διατάξεων
1217 739 1323 774 παρε-

246 770 468 825 σκευάσαμεν
498 769 641 815 βιβλίῳ,
674 768 780 804 αὐτὸς
810 768 850 824 ᾇὲ
881 767 1070 815 δεξάμενος
1100 770 1183 806 κατ’
1213 770 1325 807 αὐτὸν

1445 680 1600 727 <Epilo
1631 692 1662 732 'u
1671 680 1718 726 s.)
1769 681 1999 717 Praesentem
2029 682 2136 726 igitur
2158 682 2272 726 legem
2304 693 2370 718 nos
2394 682 2472 729 qui·
2497 693 2500 697 ’

1394 726 1474 761 dem
1494 736 1604 761 recon
1629 737 1642 760 1
1657 737 1843 763 sacrarum
1858 729 2062 763 nostrarum
2079 727 2372 763 constitutionum
2388 738 2474 773 pro-

1395 771 1598 806 curavimus
1634 771 1767 814 codici,
1806 771 1885 816 ipse
1918 781 2002 808 vero
2042 772 2242 817 suscipiens
2277 773 2473 809 secundum

246 830 392 852 απαντα
421 816 558 863 πραξον
582 813 782 868 ,ἀθάνατον
805 818 860 849 αεὶ
884 815 1090 860 παρέξοντα
1120 818 1183 860 τῆς
1204 814 1323 862 ἡμετέ-
1338 819 1379 852 15
1393 826 1471 851 eam
1503 816 1668 851 universa
1698 826 1782 861 ages
1812 817 2035 852 inmortalem
2058 827 2199 862 semper
2229 818 2473 862 praebituram

246 874 309 908 ρας
332 859 529 908 εὐεργεσίας
553 874 619 903 την
642 874 794 904 μνημην.

289 907 372 941 Dat.
391 916 452 941 xv.
479 907 514 940 k.
541 906 618 940 Iun.
645 905 712 940 ΟΡ.
735 905 908 941 Belisario
933 916 964 941 v.
985 916 1016 941 c.
1037 916 1136 942 cons.

290 998 354 1030 Δεῖ
374 995 599 1041 παρέχεσθαι
622 997 675 1038 τῷ
701 999 882 1042 πραίτωρι
907 996 1115 1030 Λυκαονίας
1138 995 1267 1030 οὕτως·

290 1040 387 1085 αὐτῷ
406 1042 473 1085 μὲν
493 1037 582 1083 ὑπὲρ
605 1039 773 1074 ἆννὸνων
796 1043 857 1074 καὶ
874 1040 1149 1075 καπιτατιόνων
1172 1044 1231 1074 καὶ
1253 1039 1322 1075 λοι-

244 1089 310 1129 πῆς
333 1086 545 1131 παραψυκῆε

288 1132 342 1174 τῷ
369 1131 477 1164 αὐτοῦ
500 1128 670 1177 παρέδρῳ
1099 1131 1164 1167 sol.
1187 1130 1323 1165 LXXII

287 1177 344 1221 τῇ.
357 1171 466 1209 αὐτοῦ
490 1174 590 1215 τάξει
1088 1176 1168 1210 auri
1190 1176 1253 1211 lib.
1274 1177 1321 1211 II.

289 1223 353 1254 Δεῖ
374 1218 414 1254 δὲ
438 1218 548 1255 αὐτὸν
573 1222 744 1265 παρέχειν
768 1218 947 1266 προφάσει
971 1219 1166 1265 συμβόλων
1189 1218 1322 1255 οὕτως·

1395 860 1557 896 beneficii
1581 862 1696 897 nostri
1718 862 1938 898 memoriam.

1289 910 1333 949 [a.
1349 909 1426 948 535]
1473 906 1556 941 Dat.
1578 916 1642 941 xv.
1666 907 1702 942 k.
1728 906 1806 942 Iun.
1833 906 1902 942 ΟΡ.
1926 906 2100 942 Belisario
2123 918 2157 943 v.
2177 917 2208 942 c.
2234 917 2334 943 cons.

1438 996 1590 1040 Oportet
1613 996 1780 1040 praeberi
1803 997 1963 1041 praetori
1986 996 2189 1042 Lycaoniae
2212 997 2281 1032 ita:

1436 1040 1508 1092 ipsi
1531 1041 1673 1086 quidem
1694 1052 1762 1086 pro
1787 1041 1952 1094 annonis·
1973 1045 2009 1077 et
2039 1041 2219 1086 capitibus
2241 1042 2313 1088 (et)
2336 1042 2472 1088 reliquo

1146 1086 1212 1122 sol.
1235 1085 1322 1120 CCC
1336 1089 1378 1121 20
1391 1085 1526 1121 solamo
1550 1085 1684 1122 solidos
1707 1097 1856 1122 numero
1881 1089 2105 1131 octingentos

1437 1131 1513 1166 eius
1537 1132 1712 1166 assessori
1735 1131 1870 1167 solidos
1894 1142 2040 1167 numero
2065 1132 2296 1177 septuaginta
2319 1132 2391 1169 duo

1437 1176 1514 1211 eius
1538 1175 1658 1212 officio
1683 1176 1763 1212 auri
1786 1177 1896 1212 libras
1920 1178 2086 1222 quinque.

1437 1220 1591 1301 Opogzet
1620 1224 1739 1257 autem
1763 1232 1843 1257 eum
1873 1222 2046 1267 praebere
2078 1221 2268 1258 occasione
2292 1221 2472 1258 codicillo·

1391 1276 1472 1302 rum
1496 1277 1508 1301 1
1555 1279 1564 1301 ι

287 1314 360 1345 τοῖς
395 1309 647 1356 περιβλέπτοις
682 1309 949 1358 χαρτουλαρίοιε
983 1314 1082 1358 τρισὶ
1117 1312 1180 1346 τοῦ
1216 1312 1323 1346 θείου
1335 1314 1378 1347 25
1437 1311 1694 1356 spectabilibus
1718 1311 1948 1348 chartulariis
1971 1312 2086 1347 tribus
2115 1311 2212 1347 sacri
2236 1311 2392 1348 cubiculi
2414 1323 2474 1348 so-

242 1354 485 1399 κουβουκλείου
1134 1356 1200 1392 sol.
1218 1356 1324 1392 VIIII

287 1402 340 1444 τῷ
365 1404 584 1447 πριμικηρίῳ
608 1401 686 1435 τῶν
707 1398 976 1446 λαμπροτάτων
994 1399 1198 1448 τριβούνων
1216 1415 1322 1436 νοτα-

244 1450 332 1491 ρίων
355 1449 414 1480 καὶ
437 1449 511 1480 τοῖς
535 1444 832 1491 λατερκουλισίοις
1113 1447 1176 1482 sol.
1202 1446 1323 1482 XXIV

286 1492 341 1534 τῷ
364 1491 496 1535 βοηθῷ
522 1489 630 1525 αὐτοῦ
1177 1492 1245 1528 sol.
1270 1492 1324 1527 III

1392 1356 1641 1446 11ᾱέἒέἰῖἒῇ
1677 1401 1960 1438 clarissimorum
1994 1402 2220 1438 tribunorum
2254 1400 2474 1437 notariorum

1393 1450 1430 1481 et
1451 1446 1751 1484 laterculensibus
1774 1446 1908 1483 solidos
1931 1457 2079 1482 numero
2102 1446 2225 1492 viginti
2247 1450 2417 1492 quattuor

1439 1492 1516 1527 eius
1539 1492 1696 1528 adiutori
1719 1492 1853 1528 solidos
1876 1502 2025 1528 numero
2050 1496 2124 1528 tres
2171 1504 2175 1512 ·

287 1538 332 1583 τῇ
364 1533 462 1576 τάξει
498 1537 575 1570 τῶν
607 1533 856 1589 ἐνδοξοτάτων
890 1533 995 1591 ἡμῷν
1031 1535 1201 1583 ἐπάρχων
1234 1534 1324 1584 ὑπὲρ
1337 1539 1380 1572 30
1439 1536 1560 1573 officio
1594 1537 1929 1581 gloriosissimorum
1966 1536 2229 1583 praefectorum
2267 1547 2332 1582 pro
2366 1546 2471 1581 prae·

1157 1582 1224 1618 sol.
1244 1581 1323 1618 XL.

244 1579 526 1628 προςταγμάτων
549 1583 609 1614 καὶ
633 1593 748 1623 πασης
772 1581 893 1627 ἑτέρας
916 1585 1033 1615 αιτίας

1394 1582 1507 1662 cepgs
1536 1586 1573 1618 et
1604 1582 1699 1618 omni
1729 1583 1801 1618 alia
1831 1592 1942 1618 causa
1973 1582 2107 1618 solidos
2139 1591 2288 1617 numero
2320 1581 2474 1627 quadra-

1392 1638 1452 1672 gm
1495 1654 1503 1662 .

243 1738 289 1773 iis
307 1738 511 1783 conferant,
535 1737 601 1772 illa
624 1747 710 1773 vero
733 1737 1012 1773 administrandi
1033 1738 1273 1785 maqistratus
1301 1738 1481 1775 rationem
1501 1737 1743 1774 moderentur.
1791 1737 1857 1775 Εα·
1876 1737 2119 1786 descriptione
2138 1749 2224 1776 vero
2243 1748 2373 1774 sacrae
2391 1737 2476 1774 huic

243 1783 315 1829 leqi
345 1786 492 1818 nostrae
525 1782 684 1833 subiecta
712 1783 946 1834 manifestum
975 1783 1061 1826 erit,
1092 1783 1182 1835 quid
1211 1782 1354 1835 quialem
1384 1795 1464 1820 eum
1496 1783 1560 1830 qui
1590 1794 1649 1818 ma
1682 1783 1829 1835 'stratus
1852 1784 1924 1830 fiat
1943 1795 2020 1831 pro
2045 1783 2244 1831 potestatis
2273 1783 2476 1830 insiqnibus

241 1832 444 1879 praestare,
459 1827 558 1879 ‘quid
577 1831 695 1879 autem
718 1831 754 1863 et
771 1828 846 1879 ipsi
866 1832 902 1864 et
921 1839 1097 1864 aSSeSSom
1121 1832 1158 1864 et
1180 1828 1245 1875 qui
1267 1839 1367 1864 circa
1390 1840 1470 1864 eum
1493 1831 1579 1864 sunt
1601 1839 1644 1863 su
1667 1829 1870 1864 ministrari
1884 1839 1963 1875 par
1984 1829 2041 1865 sit.
2088 1828 2131 1864 Si
2135 1838 2239 1909 [auos
2260 1839 2346 1865 vero
2395 1839 2416 1863 r
2459 1848 2475 1855 -

243 1873 339 1909 sudes
359 1883 629 1919 provinciarum
649 1873 739 1918 ipsis
756 1884 954 1909 vicinarum
977 1873 1016 1908 in
1036 1873 1225 1919 fiscalibus
1249 1873 1481 1926 neqleqenter
1504 1873 1644 1909 versari
1664 1873 1838 1916 invenias,
1862 1884 1937 1909 non
1957 1873 2069 1910 alium
2089 1873 2134 1910 de

2168 1873 2285 1920 qabis‚
2304 1883 2350 1910 se>
2385 1873 2400 1908 i
2415 1839 2476 1909 τε

243 1917 499 1965 spectabilibus
521 1917 793 1964 maqistratibus
816 1919 1000 1965 neqotium
1022 1917 1226 1962 exhibebis,
1259 1923 1301 1954 ut
1324 1929 1395 1965 ipsi
1419 1919 1556 1954 instent
1583 1917 1711 1954 vicinis
1730 1917 1973 1964 praesidibus,
2003 1918 2037 1954 si
2057 1918 2231 1955 socordes
2252 1917 2336 1961 sint,
2365 1928 2390 1954 a
2405 1928 2476 1965 que

244 1963 410 2009 efficiant
432 1966 473 1997 ut
520 1962 634 1997 scatia
659 1962 822 1998 omnibus
843 1963 960 1998 modis
983 1964 1158 2009 inferant.

382 2006 472 2053 Epi
500 2018 622 2053 oqus.
678 2006 911 2060 Praesentem
933 2008 1049 2055 iqitur
1073 2008 1187 2055 leqem
1209 2019 1278 2060 nos
1301 2008 1445 2055 quidem
1473 2008 1512 2043 in
1535 2019 1726 2044 sacrarum
1748 2012 1957 2045 nostrarum
1980 2007 2279 2044 constitutionum
2302 2007 2396 2044 libro
2418 2018 2475 2043 re-

245 2052 465 2089 condendam
487 2053 701 2095 curavimus,
732 2063 810 2099 apse
830 2064 916 2089 vero
937 2065 981 2090 ea
999 2058 1150 2101 accepta
1178 2064 1300 2090 omnia
1319 2052 1516 2090 secundum
1536 2065 1615 2089 eam
1628 2064 1807 2100 peraqas,
1827 2064 1923 2099 quae
1942 2053 2181 2089 immortalem
2199 2063 2342 2099 semper
2357 2052 2478 2088 nostri

245 2098 406 2143 beneficii
428 2097 634 2133 memoriam
683 2098 882 2134 raestitura
905 2099 962 2134 sit.

382 2142 411 2179 Ο
439 2146 533 2178 ortet
553 2154 646 2188 prae
668 2143 722 2178 eri
742 2144 912 2194 praetori
932 2143 1143 2191 Lycaoniae
1165 2144 1237 2180 ita:
1268 2143 1345 2195 ipsi
1358 2142 1512 2194 ‚quidem

1570 2154 1613 2180 ro
1638 2143 1796 2180 annonis
1818 2146 1856 2179 et
1877 2141 2161 2189 capitationibus
2190 2145 2227 2178 et
2247 2141 2390 2194 reliquo
2413 2152 2472 2194 so-

245 2180 338 2224 lacio
362 2198 428 2223 so.
449 2186 549 2229 CCC,
581 2189 759 2223 assessori
780 2199 858 2224 eius
880 2189 947 2224 sol.
968 2187 1137 2231 LXXII,
1169 2188 1298 2241 officio
1330 2199 1410 2224 eius
1433 2188 1517 2223 auri
1554 2188 1599 2224 ib.
1618 2186 1672 2223 II.
1736 2187 1766 2224 0
1795 2190 1888 2224 ortet
1911 2191 2030 2223 autem
2053 2197 2145 2238 eum.
2150 2186 2332 2238 praebere
2362 2197 2474 2234 ινα-ιρ-

245 2233 343 2268 nium
362 2234 503 2268 nomine
519 2232 590 2267 ita:
611 2232 867 2279 spectabilibus
886 2233 1123 2270 chartulariis
1145 2234 1259 2269 tribus
1281 2233 1381 2269 sacri
1400 2232 1556 2268 cubiculi
1577 2232 1644 2269 sol.
1668 2231 1749 2268 VII
1769 2231 1803 2274 I,
1824 2232 2034 2280 primicerio
2053 2232 2338 2268 etamszmorum
2362 2231 2473 2268 tribu—

245 2289 374 2313 norum
397 2277 625 2313 notariorum
649 2282 685 2313 et
705 2278 1003 2315 laterculensibus
1025 2279 1092 2315 sol.
1105 2277 1202 2314 XXI
1211 2278 1253 2322 V,
1277 2278 1442 2314 adiutori
1459 2277 1537 2313 eius
1554 2277 1621 2314 sol.
1637 2275 1715 2321 III,
1746 2277 1875 2324 officio
1902 2276 2247 2324 gloriosissimorum
2267 2281 2474 2313 nostrorum

242 2323 515 2370 praefectorum
534 2333 607 2368 pro
632 2322 852 2359 iussionibus
875 2328 911 2359 et
935 2325 1035 2360 omni
1055 2324 1198 2370 reliqua
1222 2334 1334 2359 causa
1357 2323 1422 2359 sol.
1446 2322 1524 2358 XL.

294 2438 307 2469 1
336 2435 503 2479 ῥυθμίζει
531 2436 558 2467 L
588 2434 601 2478 ΙΙ
630 2437 650 2469 2
674 2432 771 2469 τῶδε
793 2433 898 2479 ἡμῶν
921 2437 975 2469 τῶ
1001 2436 1096 2470 θείω
1120 2435 1221 2480 νόμω
1246 2438 1277 2471 L
1313 2436 1324 2481 ΙΙ

248 2482 327 2523 2sq.
353 2477 460 2521 δῆλόν
483 2480 584 2512 ἐστιν
606 2482 646 2513 τί
665 2482 732 2523 μέν
756 2481 856 2514 ἐστιν
877 2477 1001 2514 αὐτῶν
1024 2479 1215 2525 διδόμενον
1238 2492 1323 2527 προ-

248 2523 354 2568 φάσει
377 2525 413 2557 Β
432 2524 443 2567 ΙΙ
467 2527 486 2557 4
511 2522 724 2567 συμβούλων
750 2525 796 2558 L¹
813 2526 825 2569 ΙΙ
853 2528 873 2559 6
897 2524 1063 2567 πλησίων
1086 2527 1118 2560 L
1139 2526 1152 2571 ΙΙ
1179 2530 1197 2561 Ί
1223 2522 1324 2572 εὕρῃς

250 2570 297 2602 L²
325 2569 337 2611 ΙΙ
370 2571 428 2612 leq.
454 2570 536 2614 περὶ
568 2567 611 2602 τὰ
643 2566 821 2612 δημόσιαῗ
849 2573 905 2613 (cf.
930 2574 961 2611 ς)
992 2572 1003 2612 ΙΙ
1032 2574 1051 2605 8
1085 2569 1213 2605 αὐτοὺς
1243 2570 1324 2605 τοὺς

249 2611 498 2655 πεκταβιλίους
520 2611 790 2657 (περιβλέπτους
804 2615 852 2656 Β)
876 2613 1050 2659 ἄρχοντας
1066 2617 1136 2650 LB
1156 2619 1216 2658 (ita
1230 2619 1323 2651 etiam

251 2659 291 2691 M
314 2658 472 2691 XXVII
481 2659 568 2702 epil.)
593 2659 606 2701 ss
635 2657 843 2700 ένοχλήσεις]
869 2660 1035 2701 delegabis
1059 2673 1078 2697 ς
1106 2660 1119 2706 ΙΙ
1153 2664 1191 2696 13
1216 2673 1269 2695 πα
1293 2674 1323 2694 ε-

250 2700 466 2744 σκευάσομεν
499 2703 541 2734 L¹
581 2701 897 2747 naqaouevo'to’ouev
925 2705 961 2737 Β
989 2705 1002 2748 ΙΙ
1033 2709 1073 2740 15
1103 2706 1242 2751 πρᾶξον
1265 2674 1322 2747 ΞΠ

249 2743 411 2834 ἴίτὶεὲάξιῢνῃ
419 2747 485 2822 Lx'v
495 2746 644 2823 πὶῗάξῙιιῖζ
659 2744 1132 2832 ΒίῑοίςῗρῖτξῗςιᾷΞκΞὲλάῖἕαξ-ιῖ
1146 2751 1158 2795 ΙΙ
1182 2754 1217 2785 ¹7
1234 2750 1322 2830 ἓῗλι]

249 2837 650 2915 smmi
674 2805 936 2879 ’Μ
955 2838 1117 2918 ’ψῃ

249 2922 382 2959 ἀνόνας
406 2905 524 2958 Theba.
551 2924 564 2969 Ι]
591 2892 861 2959 καπιίτάτιόνων
875 2884 1323 2976 ΜῚαιιασὲίτωναΞῖνῖἔφα-

251 2969 444 3013 λητίωνυν
463 2970 500 3002 Β
526 2970 539 3013 ss
569 2967 708 3003 λοιπῶν
731 2972 760 3003 L
787 2971 800 3015 ΙΙ
838 2974 879 3005 20
910 2972 991 3005 sold.
1019 2973 1101 3007 CCC
1127 2976 1174 3009 M
1202 2979 1324 3019 νομίσ-

250 3027 350 3059 ματα
365 3013 397 3048 τ’
412 3017 447 3056 (τ
471 3012 615 3047 ιακόσια
634 3016 681 3056 Β)
707 3016 774 3048 LB
787 3017 905 3049 leeod.
923 3018 1058 3057 (solidos
1070 3030 1207 3053 numero
1220 3021 1324 3053 octin-

250 3064 368 3104 gentos
386 3063 418 3101 ς)
447 3026 468 3103 ἴ
494 3061 532 3093 21
564 3059 622 3092 sol.
639 3059 800 3092 LXXLL
819 3061 864 3093 M
889 3065 1094 3105 νομίσματα
1115 3062 1171 3107 οβ’
1186 3066 1233 3098 Μ
1242 3078 1267 3098 s.
1285 3078 1325 3106 υ.,

252 3106 415 3139 LTlneod.
440 3106 646 3148 νομίσματα
670 3101 916 3147 ἑβδομήκοντα
944 3108 976 3139 Β
992 3107 1004 3151 ΙΙ
1030 3110 1072 3141 22
1097 3110 1170 3141 auri
1194 3110 1251 3142 lib.
1277 3108 1324 3150 II]

252 3151 306 3183 uri
330 3149 386 3182 lib.
401 3149 430 3182 U
457 3148 503 3182 Μ
518 3148 607 3191 (auri
630 3149 733 3181 libros
758 3149 905 3191 quinque
930 3157 961 3185 ς)
994 3154 1122 3204 χρυσοῦ
1147 3151 1267 3198 λίτρας
1290 3152 1323 3196 β’

1395 2436 1516 2469 Theocl-
1532 2434 1546 2480 ΙΙ
1564 2437 1607 2470 23
1616 2448 1664 2479 sq.
1690 2431 1823 2470 οὕτως·
1843 2436 1926 2476 τοῖς]
1947 2430 2064 2469 οῧτοῖς
2074 2435 2148 2477 (sic)
2161 2435 2193 2469 L
2210 2434 2224 2479 fl
2239 2437 2282 2470 25
2306 2432 2474 2479 χαρτουλ-

1393 2478 1524 2527 λαρίοις
1539 2481 1586 2514 Μ
1595 2479 1607 2524 ΙΙ
1625 2482 1668 2515 26
1693 2480 1815 2514 solidos
1839 2491 1956 2513 novem
1980 2491 2020 2524 ς,
2050 2483 2257 2524 νομίσματα
2280 2477 2322 2513 θ’
2338 2481 2458 2515 ΤΙιοοιί.

1392 2526 1451 2558 sol.
1477 2526 1563 2558 UIII
1587 2526 1636 2559 M
1659 2528 1868 2569 νομίσματα
1892 2526 1930 2559 Η
1959 2521 2068 2567 (oum)
2092 2525 2142 2567 B)
2166 2525 2216 2559 M.
2241 2539 2268 2559 s.
2291 2538 2333 2566 v.‚
2357 2525 2426 2559 LB

1395 2573 1438 2605 28
1462 2572 1535 2604 τοῖς
1555 2567 1853 2617 λατερκονλισίοις
1874 2570 1922 2604 Μ
1943 2572 2018 2604 τοῖς
2040 2567 2146 2615 λάτορ
2170 2572 2323 2604 κουσίοις
2345 2570 2378 2604 L
2400 2571 2475 2604 τοῖς

1393 2613 1481 2649 λατε
1505 2613 1642 2650 notione
1666 2617 1788 2649 Theod.
1826 2617 1900 2649 τοῖς
1923 2615 2110 2650 οἰκειακοῒς
2132 2615 2180 2648 Μ
2195 2627 2221 2648 s.
2242 2627 2284 2657 v.‚
2308 2614 2346 2648 B
2375 2614 2388 2658 [Ι
2413 2613 2472 2648 sol.

1394 2628 1514 2694 XXI‘t'J
1538 2661 1597 2702 Μ]
1621 2663 1830 2704 νομίσματα
1853 2657 1908 2693 κδ’
1923 2661 1992 2694 LB
2001 2660 2123 2694 Theod.
2146 2671 2226 2703 νομ.
2243 2655 2306 2714 μα’
2321 2659 2439 2694 Μωυ-
2455 2659 2474 2712 fl

1394 2707 1436 2740 29
1472 2705 1528 2748 τῷ
1551 2704 1684 2750 βοηθῷ
1718 2702 1830 2739 αὐτοῦ
1856 2705 1934 2739 ΜΒ
1955 2706 2090 2746 Theoti-J
2125 2705 2180 2748 τῷ
2211 2703 2311 2739 αυτῶ
2341 2702 2474 2748 βοηθω

1392 2752 1424 2784 L
1449 2751 1462 2794 ΙΙ
1485 2750 1545 2783 sol.
1569 2751 1658 2783 LLL
1684 2751 1732 2784 M
1757 2752 1965 2794 νομίσματα
1986 2747 2019 2795 y'
2039 2751 2137 2795 (τρία
2156 2750 2206 2791 Β)
2230 2749 2279 2783 Μ.
2294 2762 2321 2784 s.
2337 2762 2379 2789 υ.,
2401 2749 2473 2783 LB

1397 2797 1516 2829 Theod.
1537 2797 1549 2834 ΙΙ
1566 2798 1609 2831 30
1628 2792 1734 2839 ἡμῶν
1748 2796 1807 2836 M]
1826 2808 1884 2828 om.
1896 2795 1987 2831 LBs·
2001 2793 2014 2839 ΙΙ
2033 2792 2202 2840 ἐπάρχων
2213 2795 2348 2835 Theoti-J
2362 2789 2472 2838 ὑπάρ-

1392 2841 1602 2919 χαὲιΤΜΕΒ
1630 2840 1643 2885 ΙΙ
1672 2842 1711 2875 31
1738 2839 1798 2873 sol.
1823 2839 1887 2873 XL
1912 2840 2024 2882 Μ(ι·)]
2056 2842 2264 2884 νομίσματα
2288 2833 2317 2879 ἔ
2341 2839 2385 2872 Μ
2390 2851 2419 2872 ε.
2430 2850 2473 2882 υ.,

1394 2887 1425 2919 L
1504 2887 1596 2919 heod.

1442 3022 1461 3055 3
1487 3020 1569 3062 quid
1589 3019 1723 3062 quidem
1745 3019 1788 3061 V]
1810 3019 1974 3061 quidquid
1988 3020 2109 3063 Tvuly.
2125 3018 2138 3064 ss
2160 3021 2199 3054 13
2219 3019 2356 3054 recondi
2372 3020 2472 3054 Oeen-

1396 3067 1551 3109 brn'iqyen]
1577 3064 1714 3098 secundi
1735 3065 1812 3098 libri
1832 3063 1845 3108 ΙΙ
1870 3074 2001 3097 sacrum
2024 3064 2086 3107 Vll
2115 3066 2155 3099 15
2179 3075 2218 3098 ea
2241 3063 2300 3108 Vn
2322 3074 2399 3107 agea
2426 3063 2473 3105 V]
2496 3095 2510 3111 x

1395 3121 1455 3151 age
1481 3111 1514 3143 Τ
1521 3123 1582 3144 sec.
1597 3110 1786 3143 Heimbaclz.
1804 3108 1818 3153 ΙΙ

1848 3111 1885 3143 17
1910 3109 1998 3142 iunii
2021 3119 2092 3151 cap.
2116 3108 2202 3153 VTu
2224 3108 2388 3142 bilisiario
2411 3108 2474 3150 V!

1395 3154 1529 3187 consulo
1550 3155 1588 3195 V,
1609 3167 1669 3188 om.
1686 3152 1742 3197 ΤΙΙ
1761 3155 1801 3188 19
1825 3154 1944 3187 anonis
1964 3153 2019 3197 Vn
2037 3158 2069 3186 et
2093 3155 2171 3187 add.
2185 3155 2270 3198 vuly.
2290 3154 2302 3198 ΙΙ
2319 3156 2360 3188 23
2382 3163 2470 3187 oona·

253 3192 331 3237 (δύο
346 3195 392 3236 Β)
406 3194 453 3228 M
454 3208 478 3228 s.
487 3194 611 3236 v.,LB
631 3197 834 3237 νομίσματα
846 3192 1011 3239 ρκδ’(ρ,ιιὸ
1035 3209 1116 3231 corr.
1127 3199 1327 3240 Zachariae)
1358 3202 1364 3242 Ι
1395 3199 1519 3232 sionem
1541 3200 1595 3243 Vss
1613 3201 1655 3234 25
1681 3198 1866 3232 cartulariis
1887 3198 1941 3243 Vss
1960 3201 1999 3233 31
2027 3199 2138 3232 omnia
2159 3199 2193 3233 V
